%% This BibTeX bibliography file was created using BibDesk.
%% http://bibdesk.sourceforge.net/


%% Created for Grant Cavanaugh at 2013-07-31 15:06:46 -0400 


%% Saved with string encoding Unicode (UTF-8) 



@webpage{cowen2013,
	Author = {Tyler Cowen},
	Date-Added = {2013-07-31 12:01:24 -0400},
	Date-Modified = {2013-07-31 12:02:46 -0400},
	Lastchecked = {07-31-13},
	Month = {July},
	Title = {Marginal Revolution: What are the major market indices for climate change?},
	Type = {Blog},
	Url = {http://marginalrevolution.com/marginalrevolution/2013/07/what-are-the-major-market-indices-for-climate-change.html},
	Year = {2013},
	Bdsk-Url-1 = {http://bettingthebusiness.com/2013/01/31/3-points-on-the-futurization-of-swaps/}}

@misc{page2012,
	Author = {Scott Page},
	Date-Added = {2013-07-30 19:49:25 -0400},
	Date-Modified = {2013-07-30 19:54:30 -0400},
	Howpublished = {Video lectures},
	Institution = {University of Michigan and Coursera},
	Month = {April},
	Title = {Model Thinking: Markov Models},
	Url = {http://www.youtube.com/watch?v=0FumwlqGRa8},
	Year = {2012}}

@conference{ccrif2010,
	Author = {Steven Stichter and Simon Young},
	Date-Added = {2013-07-30 15:21:14 -0400},
	Date-Modified = {2013-07-30 15:36:00 -0400},
	Lastchecked = {07/30/2013},
	Month = {February},
	Title = {Esri Federal User's Conference},
	Url = {http://proceedings.esri.com/library/userconf/feduc10/papers/user/esri_feduc_2010_stichter.pdf},
	Year = {2010},
	Bdsk-Url-1 = {http://www.ccrif.org/}}

@periodical{wsjcftc2013,
	Author = {Jamila Trindle},
	Date-Added = {2013-06-28 23:55:27 -0400},
	Date-Modified = {2013-06-28 23:59:52 -0400},
	Journal = {Wall Street Journal},
	Month = {{May 16}},
	Title = {Regulators Strike Compromise on New Derivatives Rules},
	Year = {2013}}

@periodical{reuters2003clearport,
	Author = {{Reuters News}},
	Date-Added = {2013-06-28 13:21:07 -0400},
	Date-Modified = {2013-06-28 13:22:40 -0400},
	Journal = {{Reuters News}},
	Month = {{January 17}},
	Title = {{NYMEX} launches {Cleaport} electronic trading system.},
	Year = {2003}}

@book{olson2010zero,
	Author = {Olson, Erika S},
	Date-Added = {2013-06-28 12:03:06 -0400},
	Date-Modified = {2013-06-28 12:03:06 -0400},
	Publisher = {Wiley},
	Title = {Zero-Sum Game: The Rise of the World's Largest Derivatives Exchange},
	Year = {2010}}

@conference{CasellaBayesian,
	Author = {George Casella},
	Booktitle = {37th Annual Meeting - Journal of Clinical Pharmacology},
	Date-Added = {2013-06-28 10:51:32 -0400},
	Date-Modified = {2013-06-28 10:51:32 -0400},
	Lastchecked = {8/15/11},
	Organization = {Journal of Clinical Pharmacology},
	Title = {Bayesians and Frequentists: Models, Assumptions, and Inference},
	Url = {www.stat.ufl.edu/~casella/Talks/BayesRefresher.pdf},
	Year = {2008},
	Bdsk-Url-1 = {www.stat.ufl.edu/~casella/Talks/BayesRefresher.pdf}}

@book{kruschke2010doing,
	Author = {Kruschke, J.K. and John, K.},
	Date-Added = {2013-06-28 10:51:32 -0400},
	Date-Modified = {2013-06-28 10:51:32 -0400},
	Publisher = {Academic Press},
	Title = {Doing Bayesian data analysis: A tutorial introduction with R and BUGS},
	Year = {2010}}

@electronic{WhiteJags,
	Author = {John Myles White},
	Date-Added = {2013-06-28 10:51:32 -0400},
	Date-Modified = {2013-06-28 10:51:32 -0400},
	Lastchecked = {8/22/11},
	Month = {August},
	Title = {Using JAGS in R with the rjags Package},
	Url = {http://www.johnmyleswhite.com/notebook/2010/08/20/using-jags-in-r-with-the-rjags-package/},
	Year = {2010},
	Bdsk-Url-1 = {http://www.johnmyleswhite.com/notebook/2010/08/20/using-jags-in-r-with-the-rjags-package/}}

@article{camberlin2001seasonality,
	Author = {Camberlin, P and Janicot, S and Poccard, I},
	Date-Added = {2013-06-26 17:13:38 -0400},
	Date-Modified = {2013-06-26 17:14:02 -0400},
	Journal = {International Journal of Climatology},
	Number = {8},
	Pages = {973--1005},
	Publisher = {Wiley Online Library},
	Title = {Seasonality and atmospheric dynamics of the teleconnection between {African} rainfall and tropical sea-surface temperature: {Atlantic vs. ENSO}},
	Volume = {21},
	Year = {2001}}

@article{mason2001probabilistic,
	Author = {Mason, Simon J and Goddard, Lisa},
	Date-Added = {2013-06-26 17:05:56 -0400},
	Date-Modified = {2013-06-26 17:06:06 -0400},
	Journal = {Bulletin of the American Meteorological Society},
	Number = {4},
	Pages = {619--638},
	Title = {Probabilistic precipitation anomalies associated with {ENSO}},
	Volume = {82},
	Year = {2001}}

@article{wallace2000north,
	Author = {Wallace, John M},
	Date-Added = {2013-06-25 11:31:35 -0400},
	Date-Modified = {2013-06-25 11:32:29 -0400},
	Journal = {Quarterly Journal of the Royal Meteorological Society},
	Number = {564},
	Pages = {791--805},
	Title = {{North Atlantic Oscillation}/{Annular Mode}: Two paradigms---one phenomenon},
	Volume = {126},
	Year = {2000}}

@misc{stan2013,
	Author = {{Stan Development Team}},
	Date-Added = {2013-06-19 21:33:11 -0400},
	Date-Modified = {2013-06-20 07:21:53 -0400},
	Title = {Stan: A {C++} Library for Probability and Sampling, Version 1.3},
	Url = {http://mc-stan.org/},
	Year = 2013,
	Bdsk-Url-1 = {http://mc-stan.org/}}

@techreport{flandro2012,
	Author = {Flandro, David and Lara Mowery},
	Date-Added = {2013-06-19 12:18:40 -0400},
	Date-Modified = {2013-06-21 14:49:17 -0400},
	Institution = {Guy Carpenter},
	Month = {July},
	Title = {{GC} Briefing: Strong Risk Assessment Focus Amid Plentiful Capital during 2012 Renewals},
	Url = {http://www.guycarp.com/portal/extranet/insights/briefings.html?vid=19},
	Year = {2012},
	Bdsk-Url-1 = {http://www.guycarp.com/portal/extranet/insights/briefings.html?vid=19}}

@webpage{gc2013capacity,
	Author = {{Guy Carpenter Capital Ideas Editor}},
	Date-Added = {2013-06-19 12:06:42 -0400},
	Date-Modified = {2013-06-19 12:14:15 -0400},
	Lastchecked = {June 16, 2013},
	Month = {June},
	Title = {Chart: Alternative Capacity As A Percentage Of Global Property Catastrophe Reinsurance Limit},
	Url = {http://www.gccapitalideas.com/2013/06/13/chart-alternative-capacity-as-a-percentage-of-global-property-catastrophe-reinsurance-limit/},
	Year = {2013},
	Bdsk-Url-1 = {http://www.gccapitalideas.com/2013/06/13/chart-alternative-capacity-as-a-percentage-of-global-property-catastrophe-reinsurance-limit/}}

@misc{nass2012crop,
	Author = {{National Agricultural Statistics Service}},
	Date-Added = {2013-06-18 16:54:50 -0400},
	Date-Modified = {2013-06-18 16:56:14 -0400},
	Howpublished = {\url{http://usda.mannlib.cornell.edu/MannUsda/viewDocumentInfo.do?documentID=1050}},
	Title = {{National Agricultural Statistics Service Archive: Crop Values Annual Summary}},
	Year = {2012}}

@article{lindsey2013oni,
	Author = {Rebecca Lindsey},
	Date-Added = {2013-06-18 14:05:43 -0400},
	Date-Modified = {2013-06-18 14:08:07 -0400},
	Journal = {ClimateWatch Magazine},
	Month = {{February 5}},
	Title = {In Watching for {El Ni\~o} and {La Ni\~na}, {NOAA} Adapts to Global Warming},
	Url = {http://www.climatewatch.noaa.gov/},
	Year = {2013},
	Bdsk-Url-1 = {http://www.climatewatch.noaa.gov/}}

@article{ashok2007nino,
	Author = {Ashok, Karumuri and Behera, Swadhin K and Rao, Suryachandra A and Weng, Hengyi and Yamagata, Toshio},
	Date-Added = {2013-06-18 14:02:59 -0400},
	Date-Modified = {2013-06-21 14:53:15 -0400},
	Journal = {Journal of Geophysical Research: Oceans (1978--2012)},
	Number = {C11},
	Publisher = {Wiley Online Library},
	Title = {{El Ni\~no Modoki} and its possible teleconnection},
	Volume = {112},
	Year = {2007}}

@misc{fred2012data,
	Author = {{Federal Reserve Bank of St. Louis}},
	Date-Added = {2013-06-17 16:34:19 -0400},
	Date-Modified = {2013-06-17 16:36:30 -0400},
	Howpublished = {\url{http://research.stlouisfed.org/fred2/series/CPIAUCSL}},
	Title = {Consumer Price Index for All Urban Consumers: All Items (CPIAUCSL)},
	Year = {2012}}

@misc{worldbank2012data,
	Author = {{The World Bank Group}},
	Date-Added = {2013-06-17 16:31:09 -0400},
	Date-Modified = {2013-06-17 16:32:30 -0400},
	Howpublished = {\url{http://data.worldbank.org/}},
	Title = {{World Bank Data}},
	Year = {2012}}

@unpublished{guha2002quality,
	Author = {Guha-Sapir, Debarati and Below, Regina},
	Date-Added = {2013-06-17 15:57:43 -0400},
	Date-Modified = {2013-06-17 15:57:58 -0400},
	Note = {Working paper},
	Publisher = {World Bank, Disaster Management Facility, ProVention Consortium},
	Title = {The Quality and Accuracy of Disaster Data: A Comparative Analyses of Three Global Data Sets},
	Year = {2002}}

@techreport{orme2009cbc,
	Author = {Orme, B},
	Date-Added = {2013-06-13 22:34:04 -0400},
	Date-Modified = {2013-06-13 22:34:48 -0400},
	Institution = {Sawtooth Software},
	Title = {The {CBC/HB} system for hierarchical {Bayes} estimation version 5.0 Technical Paper},
	Url = {http://www.sawtoothsoftware.com/education/techpap.shtml},
	Year = {2009},
	Bdsk-Url-1 = {http://www.sawtoothsoftware.com/education/techpap.shtml}}

@inproceedings{johnson2007new,
	Author = {Johnson, Rich and Orme, Bryan},
	Booktitle = {Sawtooth Software Conference Proceedings, Sequim, WA},
	Date-Added = {2013-06-13 22:33:10 -0400},
	Date-Modified = {2013-06-21 14:55:26 -0400},
	Title = {A New Approach to Adaptive {CBC}},
	Year = {2007}}

@techreport{orme2009fine,
	Author = {Orme, Bryan},
	Date-Added = {2013-06-13 22:23:56 -0400},
	Date-Modified = {2013-06-13 22:24:57 -0400},
	Institution = {Sawtooth Software},
	Title = {Fine-tuning {CBC} and adaptive {CBC} questionnaires},
	Url = {http://www.sawtoothsoftware.com/education/techpap.shtml},
	Year = {2009},
	Bdsk-Url-1 = {http://www.sawtoothsoftware.com/education/techpap.shtml}}

@article{toubia2004polyhedral,
	Author = {Toubia, Olivier and Hauser, John R and Simester, Duncan I},
	Date-Added = {2013-06-13 20:47:42 -0400},
	Date-Modified = {2013-06-13 20:47:42 -0400},
	Journal = {Journal of Marketing Research},
	Pages = {116--131},
	Publisher = {JSTOR},
	Title = {Polyhedral methods for adaptive choice-based conjoint analysis},
	Year = {2004}}

@article{toubia2003fast,
	Author = {Toubia, Olivier and Simester, Duncan I and Hauser, John R and Dahan, Ely},
	Date-Added = {2013-06-13 20:47:22 -0400},
	Date-Modified = {2013-06-13 20:47:22 -0400},
	Journal = {Marketing Science},
	Number = {3},
	Pages = {273--303},
	Publisher = {INFORMS},
	Title = {Fast polyhedral adaptive conjoint estimation},
	Volume = {22},
	Year = {2003}}

@article{cunningham2010adaptive,
	Author = {Cunningham, Charles E and Deal, Ken and Chen, Yvonne},
	Date-Added = {2013-06-13 20:12:33 -0400},
	Date-Modified = {2013-06-13 20:12:33 -0400},
	Journal = {The Patient},
	Number = {4},
	Pages = {257},
	Publisher = {Springer},
	Title = {Adaptive Choice-Based Conjoint Analysis: A New Patient-Centered Approach to the Assessment of Health Service Preferences},
	Volume = {3},
	Year = {2010}}

@article{cummings1995homegrown,
	Author = {Cummings, R.G. and Harrison, G.W. and Rutstr{\\"o}m, E.E.},
	Date-Added = {2013-06-13 17:59:35 -0400},
	Date-Modified = {2013-06-13 17:59:35 -0400},
	Issn = {0002-8282},
	Journal = {The American Economic Review},
	Number = {1},
	Pages = {260--266},
	Publisher = {JSTOR},
	Title = {{Homegrown values and hypothetical surveys: is the dichotomous choice approach incentive-compatible?}},
	Volume = {85},
	Year = {1995}}

@article{cummings1999unbiased,
	Author = {Cummings, R.G. and Taylor, L.O.},
	Date-Added = {2013-06-13 17:59:35 -0400},
	Date-Modified = {2013-06-13 17:59:35 -0400},
	Issn = {0002-8282},
	Journal = {The American Economic Review},
	Number = {3},
	Pages = {649--665},
	Publisher = {JSTOR},
	Title = {{Unbiased value estimates for environmental goods: a cheap talk design for the contingent valuation method}},
	Volume = {89},
	Year = {1999}}

@article{list1998calibration,
	Author = {List, J.A. and Shogren, J.F.},
	Date-Added = {2013-06-13 17:59:35 -0400},
	Date-Modified = {2013-06-13 17:59:35 -0400},
	Issn = {0167-2681},
	Journal = {Journal of Economic Behavior \& Organization},
	Number = {2},
	Pages = {193--205},
	Publisher = {Elsevier},
	Title = {{Calibration of the difference between actual and hypothetical valuations in a field experiment}},
	Volume = {37},
	Year = {1998}}

@article{list1998hypothetical,
	Author = {List, J.A. and Margolis, M. and Shogren, J.F.},
	Date-Added = {2013-06-13 17:59:35 -0400},
	Date-Modified = {2013-06-13 17:59:35 -0400},
	Issn = {0165-1765},
	Journal = {Economics Letters},
	Number = {3},
	Pages = {263--268},
	Publisher = {Elsevier},
	Title = {{Hypothetical-actual bid calibration of a multigood auction}},
	Volume = {60},
	Year = {1998}}

@article{list2001experimental,
	Author = {List, J.A. and Gallet, C.A.},
	Date-Added = {2013-06-13 17:59:35 -0400},
	Date-Modified = {2013-06-13 17:59:35 -0400},
	Issn = {0924-6460},
	Journal = {Environmental and Resource Economics},
	Number = {3},
	Pages = {241--254},
	Publisher = {Springer},
	Title = {{What experimental protocol influence disparities between actual and hypothetical stated values?}},
	Volume = {20},
	Year = {2001}}

@article{list2001explicit,
	Author = {List, J.A.},
	Date-Added = {2013-06-13 17:59:35 -0400},
	Date-Modified = {2013-06-13 17:59:35 -0400},
	Issn = {0002-8282},
	Journal = {The American Economic Review},
	Number = {5},
	Pages = {1498--1507},
	Publisher = {JSTOR},
	Title = {{Do explicit warnings eliminate the hypothetical bias in elicitation procedures? Evidence from field auctions for sportscards}},
	Volume = {91},
	Year = {2001}}

@article{list2006using,
	Author = {List, J.A. and Sinha, P. and Taylor, M.H.},
	Date-Added = {2013-06-13 17:59:35 -0400},
	Date-Modified = {2013-06-13 17:59:35 -0400},
	Issn = {1935-1682},
	Journal = {The BE Journal of Economic Analysis \& Policy},
	Number = {2},
	Pages = {2},
	Publisher = {bepress},
	Title = {{Using choice experiments to value non-market goods and services: evidence from field experiments}},
	Volume = {6},
	Year = {2006}}

@article{murphy2005meta,
	Author = {Murphy, J.J. and Allen, P.G. and Stevens, T.H. and Weatherhead, D.},
	Date-Added = {2013-06-13 17:59:35 -0400},
	Date-Modified = {2013-06-13 17:59:35 -0400},
	Issn = {0924-6460},
	Journal = {Environmental and Resource Economics},
	Number = {3},
	Pages = {313--325},
	Publisher = {Springer},
	Title = {{A meta-analysis of hypothetical bias in stated preference valuation}},
	Volume = {30},
	Year = {2005}}

@techreport{swiss2012update,
	Author = {{Swiss Re}},
	Date-Added = {2013-06-09 10:31:53 -0400},
	Date-Modified = {2013-07-02 11:23:13 -0400},
	Institution = {{Swiss Re Capital Markets Insurance-Linked Securities}},
	Month = {January},
	Title = {Insurance-Linked Securities Market Update},
	Url = {http://media.swissre.com/documents/SRCM_ILS_Market_Update_Jan2012.pdf},
	Year = {2012},
	Bdsk-Url-1 = {http://media.swissre.com/documents/SRCM_The_Fundamentals_of_ILS_web.pdf}}

@techreport{lane2013loss,
	Author = {Morton N. Lane},
	Date-Added = {2013-06-09 10:04:13 -0400},
	Date-Modified = {2013-06-21 14:56:27 -0400},
	Institution = {Lane Financial L.L.C.},
	Month = {March},
	Title = {The Loss File - {WYSIWYG}},
	Url = {lanefinancialllc.com/},
	Year = {2013},
	Bdsk-Url-1 = {lanefinancialllc.com/}}

@incollection{manning2012ILW,
	Author = {Erik Manning},
	Booktitle = {Alternative (Re)insurance Strategies},
	Date-Added = {2013-06-08 14:35:59 -0400},
	Date-Modified = {2013-06-08 14:36:39 -0400},
	Edition = {2},
	Editor = {Morton Lane},
	Month = {November},
	Publisher = {Risk Books},
	Title = {Industry Loss Warrenties},
	Year = {2012}}

@incollection{seo2012hedge,
	Author = {John Seo},
	Booktitle = {Alternative (Re)insurance Strategies},
	Date-Added = {2013-06-08 14:20:11 -0400},
	Date-Modified = {2013-06-21 14:58:02 -0400},
	Edition = {2},
	Editor = {Morton Lane},
	Month = {November},
	Publisher = {Risk Books},
	Title = {{ILS} Hedge Fund Business Models},
	Year = {2012}}

@periodical{buhayar2013,
	Author = {Noah Buhayar and Charles Mead},
	Date-Added = {2013-06-07 17:19:28 -0400},
	Date-Modified = {2013-06-07 17:20:38 -0400},
	Journal = {Bloomberg},
	Month = {{June 6}},
	Title = {Drooling Cat-Bond Investors Overlook Risk, Montross Says},
	Url = {http://www.bloomberg.com/news/2013-06-06/drooling-cat-bond-investors-overlook-risk-montross-says.html},
	Year = {2013},
	Bdsk-Url-1 = {http://www.darrellduffie.com/uploads/policy/BGOV_FuturizationOfSwaps.pdf}}

@article{chincarini2011no,
	Author = {Chincarini, Ludwig},
	Date-Added = {2013-06-07 14:27:51 -0400},
	Date-Modified = {2013-06-07 14:28:11 -0400},
	Journal = {Journal of Futures Markets},
	Number = {1},
	Pages = {1--33},
	Publisher = {Wiley Online Library},
	Title = {No Chills or Burns from Temperature Surprises: An Empirical Analysis of the Weather Derivatives Market},
	Volume = {31},
	Year = {2011}}

@phdthesis{collier2013,
	Author = {Benjamin Collier},
	Date-Added = {2013-06-07 12:05:09 -0400},
	Date-Modified = {2013-06-21 14:46:07 -0400},
	Month = {April},
	Note = {Forthcoming},
	School = {University of Kentucky, Department of Agricultural Economics},
	Title = {Constraints to Financial Inclusion Created By Natural Disasters},
	Year = {2013}}

@article{collier2012increasing,
	Author = {Collier, Benjamin and Skees, Jerry},
	Date-Added = {2013-06-07 12:00:44 -0400},
	Date-Modified = {2013-06-07 12:01:10 -0400},
	Journal = {Natural Hazards},
	Number = {1},
	Pages = {55--72},
	Publisher = {Springer},
	Title = {Increasing the Resilience of Financial Intermediaries through Portfolio-Level Insurance against Natural Disasters},
	Volume = {64},
	Year = {2012}}

@techreport{scotiabank2010,
	Author = {Scotiabank},
	Date-Added = {2013-06-06 22:21:34 -0400},
	Date-Modified = {2013-06-06 22:24:49 -0400},
	Institution = {Scotiabank Departamento de Estudios Econ\'omicos},
	Title = {Sector Pesca: Harina y Aceite de Pescado, Situaci\'on Actual},
	Url = {http://www.scotiabank.com.pe/i_financiera/pdf/sectorial/20100418_sec_es_pesca.pdf},
	Year = {2010},
	Bdsk-Url-1 = {http://www.scotiabank.com.pe/i_financiera/pdf/sectorial/20100418_sec_es_pesca.pdf}}

@article{tveteras2011individual,
	Author = {Tveteras, Sigbjorn and Paredes, Carlos E and Pena-Torres, Julio},
	Date-Added = {2013-06-06 20:36:56 -0400},
	Date-Modified = {2013-06-21 15:01:50 -0400},
	Journal = {Marine Resource Economics},
	Number = {3},
	Pages = {225--232},
	Publisher = {MRE Foundation, Inc.},
	Title = {{Individual Vessel Quotas} in {Peru}: Stopping the Race for Anchovies},
	Volume = {26},
	Year = {2011}}

@article{broad2002effective,
	Author = {Broad, Kenneth and Pfaff, Alexander SP and Glantz, Michael H},
	Date-Added = {2013-06-06 20:18:16 -0400},
	Date-Modified = {2013-06-06 20:27:57 -0400},
	Journal = {Climatic Change},
	Number = {4},
	Pages = {415--438},
	Publisher = {Springer},
	Title = {Effective and Equitable Dissemination of Seasonal-to-Interannual Climate Forecasts: Policy Implications from the Peruvian Fishery during El Ni{\~n}o 1997--98},
	Volume = {54},
	Year = {2002}}

@article{barber1983biological,
	Author = {Barber, Richard T and Chavez, Francisco P},
	Date-Added = {2013-06-06 19:13:13 -0400},
	Date-Modified = {2013-06-21 14:42:48 -0400},
	Journal = {Science},
	Pages = {1203--1210},
	Title = {Biological Consequences of {El Ni\~no}},
	Volume = {222},
	Year = {1983}}

@article{aranda2009evolution,
	Author = {Aranda, Martin},
	Date-Added = {2013-06-06 19:10:44 -0400},
	Date-Modified = {2013-06-21 14:40:26 -0400},
	Journal = {Pan-American Journal of Aquatic Sciences},
	Number = {2},
	Pages = {146--153},
	Title = {Evolution and State of the Art of Fishing Capacity Management in Peru: The Case of the Anchoveta Fishery},
	Volume = {4},
	Year = {2009}}

@article{glantz1979science,
	Author = {Glantz, Michael H},
	Date-Added = {2013-06-06 18:55:28 -0400},
	Date-Modified = {2013-06-21 14:50:14 -0400},
	Journal = {Marine Policy},
	Number = {3},
	Pages = {201--210},
	Publisher = {Elsevier},
	Title = {Science, Politics and Economics of the {Peruvian} Anchoveta Fishery},
	Volume = {3},
	Year = {1979}}

@periodical{reuters2013Peru,
	Author = {{Reuters Am\'erica Latina Newswire}},
	Date-Added = {2013-06-06 18:31:29 -0400},
	Date-Modified = {2013-06-06 18:33:35 -0400},
	Journal = {{Reuters Am\'erica Latina Newswire}},
	Month = {{April 23}},
	Title = {Per\'u m\'as que duplica cuota de pesca anchoveta tras recuperaci\'on de biomasa},
	Year = {2013}}

@article{evans2011status,
	Author = {Evans, Yvonne and Tveteras, Sigbjorn},
	Date-Added = {2013-06-06 18:05:14 -0400},
	Date-Modified = {2013-06-21 14:48:23 -0400},
	Journal = {Shrimp Aquaculture, Trout Aquaculture, and Scallop Aquaculture},
	Title = {Status of Fisheries and Aquaculture Development in {Peru}: Cast Studies of Peruvian Anchovy Fishery},
	Year = {2011}}

@techreport{peabody2011,
	Author = {{Peabody Energy}},
	Date-Added = {2013-06-06 16:36:00 -0400},
	Date-Modified = {2013-06-21 14:58:48 -0400},
	Institution = {Peabody Energy},
	Journal = {PR Newswire},
	Month = {{December 2011}},
	Title = {{Peabody Energy} ({NYSE: BTU}) Completes Acquisition of {Macarthur Coal}},
	Url = {http://www.peabodyenergy.com/content/261/Press-Releases/2011},
	Year = {2011},
	Bdsk-Url-1 = {http://www.peabodyenergy.com/content/261/Press-Releases/2011}}

@periodical{aap2011,
	Author = {{Australian Associated Press}},
	Date-Added = {2013-06-06 16:31:19 -0400},
	Date-Modified = {2013-06-06 16:34:36 -0400},
	Journal = {Brisbane Times},
	Month = {{May 4}},
	Title = {Macarthur Coal lifts profit guidance},
	Year = {2011}}

@techreport{aon2009,
	Author = {{Aon Benfield}},
	Date-Added = {2013-06-06 15:32:25 -0400},
	Date-Modified = {2013-06-06 15:33:50 -0400},
	Institution = {Aon Benfield},
	Month = {June},
	Title = {Regulatory Capital: Requirements ofn the Rise},
	Url = {http://thoughtleadership.aonbenfield.com/},
	Year = {2009},
	Bdsk-Url-1 = {http://thoughtleadership.aonbenfield.com/}}

@periodical{hughes2009,
	Author = {Gary Hughes},
	Date-Added = {2013-06-06 15:19:44 -0400},
	Date-Modified = {2013-06-06 15:21:04 -0400},
	Journal = {The Australian},
	Month = {{September 25}},
	Title = {Electric arc ``was cause'' of bushfire},
	Year = {2009}}

@electronic{parliament2009,
	Author = {{Parliament of New South Wales}},
	Date-Added = {2013-06-06 15:15:38 -0400},
	Date-Modified = {2013-06-21 14:57:44 -0400},
	Month = {{March 13}},
	Title = {Full Day Hansard Transcript (Legislative Assembly, 13 {March} 2009, Corrected Copy},
	Url = {http://www.parliament.nsw.gov.au/prod/parlment/hanstrans.nsf/V3ByKey/LA20090313?Open&refNavID=},
	Urldate = {{June 6, 2013}},
	Year = {2009},
	Bdsk-Url-1 = {http://www.parliament.nsw.gov.au/prod/parlment/hanstrans.nsf/V3ByKey/LA20090313?Open&refNavID=}}

@periodical{wsj2013nephila,
	Author = {Leslie Scism and Ryan Dezember},
	Date-Added = {2013-06-06 14:10:28 -0400},
	Date-Modified = {2013-06-21 15:00:17 -0400},
	Journal = {Wall Street Journal},
	Month = {{January 23}},
	Title = {{KKR} Agrees to Buy Stake in {Nephila Capital} to Add Returns from Catastrophe Reinsurance},
	Year = {2013}}

@techreport{bunge2011,
	Author = {Alberto Weisser},
	Date-Added = {2013-06-06 12:08:22 -0400},
	Date-Modified = {2013-06-06 12:08:41 -0400},
	Institution = {Bunge Limited},
	Month = {April},
	Title = {2011 Annual Report},
	Url = {http://phx.corporate-ir.net/phoenix.zhtml?c=130024&p=irol-reportsannual},
	Year = {2011},
	Bdsk-Url-1 = {http://phx.corporate-ir.net/phoenix.zhtml?c=130024&p=irol-reportsannual}}

@techreport{bunge2010,
	Author = {Alberto Weisser},
	Date-Added = {2013-06-06 12:06:53 -0400},
	Date-Modified = {2013-06-06 12:08:18 -0400},
	Institution = {Bunge Limited},
	Month = {April},
	Title = {2010 Annual Report},
	Url = {http://phx.corporate-ir.net/phoenix.zhtml?c=130024&p=irol-reportsannual},
	Year = {2010},
	Bdsk-Url-1 = {http://phx.corporate-ir.net/phoenix.zhtml?c=130024&p=irol-reportsannual}}

@article{grimm2000climate,
	Author = {Grimm, Alice M and Barros, Vicente R and Doyle, Moira E},
	Date-Added = {2013-06-06 12:05:50 -0400},
	Date-Modified = {2013-06-21 14:53:05 -0400},
	Journal = {Journal of Climate},
	Number = {1},
	Pages = {35--58},
	Title = {Climate Variability in Southern {South America} Associated with {El Ni\~no} and {La Ni\~na} Events.},
	Volume = {13},
	Year = {2000}}

@techreport{willis201ils,
	Author = {Tony Ursano},
	Date-Added = {2013-06-06 11:04:05 -0400},
	Date-Modified = {2013-06-21 14:58:09 -0400},
	Institution = {Willis Captial Markets \& Advisory},
	Month = {May},
	Title = {{ILS} Market Update},
	Url = {http://www.willis.com/Documents/Publications/Services/WCMA/WCMA_May_2013_ILS_Market_Update.pdf},
	Year = {2013},
	Bdsk-Url-1 = {http://www.willis.com/Documents/Publications/Services/WCMA/WCMA_May_2013_ILS_Market_Update.pdf}}

@article{econ2013fixed,
	Author = {{The Economist}},
	Date-Added = {2013-06-05 22:20:37 -0400},
	Date-Modified = {2013-06-05 22:24:28 -0400},
	Journal = {The Economist},
	Month = {{May 11}},
	Title = {Fixed income, currencies and commodities: A FICC for your trouble},
	Year = {2013}}

@article{econ2013america,
	Author = {{The Economist}},
	Date-Added = {2013-06-05 22:19:27 -0400},
	Date-Modified = {2013-06-05 22:23:18 -0400},
	Journal = {The Economist},
	Month = {{March 2}},
	Title = {America's cheap gas: Bonanza or bane},
	Year = {2013}}

@periodical{springsteel1999enron,
	Author = {Springsteel, Ian},
	Date-Added = {2013-06-05 21:55:09 -0400},
	Date-Modified = {2013-06-05 21:59:02 -0400},
	Journal = {Treasury \& Risk Management},
	Month = {{January/February}},
	Pages = {17},
	Title = {{Enron} leads the weather pack},
	Volume = {9},
	Year = {1999}}

@periodical{quinn2000tepid,
	Author = {Quinn, L.R.},
	Date-Added = {2013-06-05 21:26:56 -0400},
	Date-Modified = {2013-06-05 21:28:08 -0400},
	Journal = {Investment Dealers' Digest},
	Month = {{January 24}},
	Pages = {6},
	Title = {A tepid response puts weather bonds on ice for the moment},
	Volume = {66},
	Year = {2000}}

@periodical{quinn1999weather,
	Author = {Quinn, L.R.},
	Date-Added = {2013-06-05 21:24:09 -0400},
	Date-Modified = {2013-06-21 14:59:11 -0400},
	Journal = {Investment Dealers' Digest},
	Month = {{November 1}},
	Pages = {8},
	Title = {Weather bonds from {Enron}, {Koch} to debut today},
	Volume = {65},
	Year = {1999}}

@techreport{considine2000weather,
	Author = {Geoffrey Considine},
	Date-Added = {2013-06-05 19:40:29 -0400},
	Date-Modified = {2013-06-05 19:42:22 -0400},
	Institution = {Weather Derivatives Group, Aquila Energy},
	Title = {Introduction to Weather Derivatives},
	Url = {http://www.cmegroup.com/trading/weather/files/WEA_intro_to_weather_der.pdf},
	Year = {2000},
	Bdsk-Url-1 = {http://www.cmegroup.com/trading/weather/files/WEA_intro_to_weather_der.pdf}}

@misc{jobim1972,
	Author = {{Antonio Carlos} Jobim},
	Date-Added = {2013-06-05 18:53:50 -0400},
	Date-Modified = {2013-06-05 18:57:58 -0400},
	Howpublished = {Bossa Nova Standard},
	Title = {\'Aguas de Mar\c{c}o},
	Year = {1972}}

@techreport{schultz2012,
	Author = {Paul Schultz},
	Date-Added = {2013-06-05 12:06:33 -0400},
	Date-Modified = {2013-06-05 12:08:28 -0400},
	Institution = {Aon Benfield Securities},
	Title = {Insurance-Linked Securities},
	Url = {http://thoughtleadership.aonbenfield.com/},
	Year = {2012},
	Bdsk-Url-1 = {http://thoughtleadership.aonbenfield.com/}}

@webpage{wrma2013,
	Date-Added = {2013-06-04 22:37:01 -0400},
	Date-Modified = {2013-07-18 15:49:58 -0400},
	Institution = {{WRMA} - Weather Risk Management Association},
	Lastchecked = {June 4, 2013},
	Title = {{WRMA} Press Releases},
	Url = {http://www.wrma.org/pressroom.html},
	Year = {2013},
	Bdsk-Url-1 = {http://www.wrma.org/pressroom.html}}

@techreport{swiss2011fundamentals,
	Author = {{Swiss Re}},
	Date-Added = {2013-06-04 20:58:29 -0400},
	Date-Modified = {2013-07-02 11:22:56 -0400},
	Institution = {{Swiss Re Capital Markets Insurance-Linked Securities}},
	Title = {The Fundamentals of Insurance-Linked Securities},
	Url = {http://media.swissre.com/documents/SRCM_The_Fundamentals_of_ILS_web.pdf},
	Year = {2011},
	Bdsk-Url-1 = {http://media.swissre.com/documents/SRCM_The_Fundamentals_of_ILS_web.pdf}}

@incollection{Bisping2012alternative,
	Author = {Martin Bisping},
	Booktitle = {Alternative (Re)insurance Strategies},
	Date-Added = {2013-06-04 20:55:48 -0400},
	Date-Modified = {2013-06-04 20:56:43 -0400},
	Edition = {2},
	Editor = {Morton Lane},
	Month = {November},
	Publisher = {Risk Books},
	Title = {Risk Transformation Through Captial Markets},
	Year = {2012}}

@incollection{millette2012alternative,
	Author = {Michael Millette},
	Booktitle = {Alternative (Re)insurance Strategies},
	Date-Added = {2013-06-04 20:04:36 -0400},
	Date-Modified = {2013-06-04 20:06:13 -0400},
	Edition = {2},
	Editor = {Morton Lane},
	Month = {November},
	Publisher = {Risk Books},
	Title = {Convergence at High Noon: Catastrophe Risk in the Capital Markets in 2012},
	Year = {2012}}

@book{lane2012alternative,
	Date-Added = {2013-06-04 11:57:15 -0400},
	Date-Modified = {2013-06-04 11:58:32 -0400},
	Edition = {2},
	Editor = {Morton Lane},
	Month = {November},
	Publisher = {Risk Books},
	Title = {Alternative (Re)insurance Strategies},
	Year = {2012}}

@unpublished{skees2012climate,
	Author = {Skees, Jerry and Collier, Benjamin},
	Date-Added = {2013-06-02 18:26:14 -0400},
	Date-Modified = {2013-06-02 18:28:54 -0400},
	Institution = {Kreditanstalt f{\"u}r Wiederaufbau (KfW) and Global Centre on Disaster Risk and Poverty},
	Month = {February},
	Note = {Working paper},
	Title = {Climate Change---Risk Management Solutions for Developing Economies: A Portfolio Approach},
	Year = {2012}}

@article{econ2013ETS,
	Author = {{The Economist}},
	Date-Added = {2013-06-02 16:46:33 -0400},
	Date-Modified = {2013-06-02 16:47:19 -0400},
	Journal = {The Economist},
	Month = {{April 20}},
	Title = {Carbon Trading: ETS, RIP?},
	Year = {2013}}

@article{luseno2003assessing,
	Author = {Luseno, Winnie K and McPeak, John G and Barrett, Christopher B and Little, Peter D and Gebru, Getachew},
	Date-Added = {2013-06-02 15:53:42 -0400},
	Date-Modified = {2013-06-02 15:53:42 -0400},
	Journal = {World Development},
	Number = {9},
	Pages = {1477--1494},
	Publisher = {Elsevier},
	Title = {Assessing the value of climate forecast information for pastoralists: Evidence from Southern {Ethiopia} and Northern {Kenya}},
	Volume = {31},
	Year = {2003}}

@book{ipcc2007climate4,
	Author = {{Intergovernmental Panel on Climate Change: Working Groups 1, 2, and 3}},
	Date-Added = {2013-06-02 15:32:45 -0400},
	Date-Modified = {2013-06-02 15:33:31 -0400},
	Publisher = {IPCC Secretariat},
	Series = {IPCC Fourth Assessment Report: Climate Change 2007},
	Title = {The AR4 Synthesis Report},
	Year = {2007}}

@book{ipcc2007climate3,
	Author = {{Intergovernmental Panel on Climate Change: Working Group 3}},
	Date-Added = {2013-06-02 15:31:31 -0400},
	Date-Modified = {2013-06-02 15:34:00 -0400},
	Publisher = {IPCC Secretariat},
	Series = {IPCC Fourth Assessment Report: Climate Change 2007},
	Title = {Mitigation of Climate Change},
	Year = {2007}}

@book{ipcc2007climate2,
	Author = {{Intergovernmental Panel on Climate Change: Working Group 2}},
	Date-Added = {2013-06-02 15:30:00 -0400},
	Date-Modified = {2013-06-02 15:33:51 -0400},
	Publisher = {IPCC Secretariat},
	Series = {IPCC Fourth Assessment Report: Climate Change 2007},
	Title = {Impacts, Adaptation and Vulnerability},
	Year = {2007}}

@book{ipcc2007climate,
	Author = {{Intergovernmental Panel on Climate Change: Working Group 1}},
	Date-Added = {2013-06-02 15:29:35 -0400},
	Date-Modified = {2013-06-02 15:33:40 -0400},
	Publisher = {IPCC Secretariat},
	Series = {IPCC Fourth Assessment Report: Climate Change 2007},
	Title = {The Physical Science Basis},
	Year = {2007}}

@article{gray1984atlantic,
	Author = {Gray, William M},
	Date-Added = {2013-06-02 12:58:23 -0400},
	Date-Modified = {2013-06-21 14:52:18 -0400},
	Journal = {Monthly Weather Review},
	Number = {9},
	Pages = {1649--1688},
	Publisher = {American Meteorological Society},
	Title = {{Atlantic} Seasonal Hurricane Frequency. Part 1: {El Ni\~no} and 30 mb {Quasi-biennial Oscillation} Influences},
	Volume = {112},
	Year = {1984}}

@article{gray1984atlanticb,
	Author = {Gray, William M},
	Date-Added = {2013-06-02 12:56:59 -0400},
	Date-Modified = {2013-06-21 14:52:25 -0400},
	Journal = {Monthly Weather Review},
	Pages = {1669},
	Publisher = {American Meteorological Society},
	Title = {{Atlantic} Seasonal Hurricane Frequency. Part 2: Forecasting its Variability},
	Volume = {112},
	Year = {1984}}

@book{shiller2012finance,
	Author = {Shiller, Robert J},
	Date-Added = {2013-05-31 20:03:10 -0400},
	Date-Modified = {2013-05-31 20:03:49 -0400},
	Publisher = {Princeton University Press},
	Title = {Finance and the Good Society},
	Year = {2012}}

@book{mahul2010government,
	Author = {Mahul, Olivier and Stutley, Charles J},
	Date-Added = {2013-05-31 16:16:13 -0400},
	Date-Modified = {2013-05-31 16:16:13 -0400},
	Publisher = {World Bank Publications},
	Title = {Government support to agricultural insurance: Challenges and options for developing countries},
	Year = {2010}}

@unpublished{skees2002can,
	Author = {Skees, Jerry and Varangis, Panos and Siegel, Paul},
	Date-Added = {2013-05-31 16:05:41 -0400},
	Date-Modified = {2013-05-31 16:17:37 -0400},
	Institution = {The World Bank},
	Note = {Working paper},
	Title = {Can Financial Markets be Tapped to Help Poor People Cope with Weather Risks?},
	Year = {2002}}

@unpublished{cavanaugh2011opportunity,
	Author = {Grant Cavanaugh},
	Date-Added = {2013-05-31 14:37:59 -0400},
	Date-Modified = {2013-05-31 14:37:59 -0400},
	Institution = {University of Kentucky and GlobalAgRisk},
	Month = {December},
	Note = {Working paper},
	Title = {Opportunity Cost and the Value of Microinsurance: a Simulation of Farmers In Northern {Peru} Facing {El Ni\~no} Risk},
	Year = {2011}}

@misc{roodmanblog,
	Author = {D. Roodman},
	Date-Added = {2013-05-31 14:25:20 -0400},
	Date-Modified = {2013-05-31 14:25:20 -0400},
	Howpublished = {\url{http://blogs.cgdev.org/open_book/2011/03/interest-rates-by-region.php}},
	Publisher = {Center for Global Development},
	Title = {David Roodman's Microfinance Open Book Blog: Interest Rates by Region},
	Year = {2011}}

@misc{market2009microfinance,
	Author = {{MIX - Microfinance Information eX-change}},
	Date-Added = {2013-05-31 14:25:05 -0400},
	Date-Modified = {2013-05-31 14:25:05 -0400},
	Howpublished = {\url{http://www.mixmarket.org/mfi/indicators}},
	Title = {{MIX Market}},
	Year = {2011}}

@article{duflo2008high,
	Author = {E. Duflo and M. Kremer and J. Robinson},
	Date-Added = {2013-05-31 14:19:51 -0400},
	Date-Modified = {2013-05-31 14:19:51 -0400},
	Issn = {0002-8282},
	Journal = {The American Economic Review},
	Pages = {482--488},
	Publisher = {JSTOR},
	Title = {{How high are rates of return to fertilizer? Evidence from field experiments in Kenya}},
	Year = {2008}}

@book{banerjee2011poor,
	Author = {Banerjee, Abhijit and Duflo, Esther},
	Date-Added = {2013-05-31 13:28:19 -0400},
	Date-Modified = {2013-05-31 13:28:57 -0400},
	Publisher = {PublicAffairs},
	Title = {Poor Economics: A Radical Rethinking of the Way to Fight Global Poverty},
	Year = {2011}}

@article{fafchamps2003risk,
	Author = {Fafchamps, Marcel and Lund, Susan},
	Date-Added = {2013-05-31 13:18:39 -0400},
	Date-Modified = {2013-06-21 14:48:48 -0400},
	Journal = {Journal of Development Economics},
	Number = {2},
	Pages = {261--287},
	Publisher = {Elsevier},
	Title = {Risk-Sharing Networks in Rural {Philippines}},
	Volume = {71},
	Year = {2003}}

@article{gertler2002insuring,
	Author = {Gertler, Paul and Gruber, Jonathan},
	Date-Added = {2013-05-31 13:17:57 -0400},
	Date-Modified = {2013-05-31 13:18:17 -0400},
	Journal = {American Economic Review},
	Pages = {51--70},
	Publisher = {JSTOR},
	Title = {Insuring Consumption Against Illness},
	Year = {2002}}

@article{udry1994risk,
	Author = {Udry, Christopher},
	Date-Added = {2013-05-31 13:16:47 -0400},
	Date-Modified = {2013-05-31 13:17:09 -0400},
	Journal = {The Review of Economic Studies},
	Number = {3},
	Pages = {495--526},
	Publisher = {Oxford University Press},
	Title = {Risk and Insurance in a Rural Credit Market: An Empirical Investigation in Northern {Nigeria}},
	Volume = {61},
	Year = {1994}}

@electronic{econtalk2011,
	Author = {Russ Roberts},
	Date-Added = {2013-05-31 13:15:49 -0400},
	Date-Modified = {2013-05-31 13:15:49 -0400},
	Howpublished = {EconTalk podcast},
	Month = March,
	Title = {Townsend on Development, Poverty, and Financial Institutions},
	Url = {http://www.econtalk.org/archives/2011/03/townsend_on_dev.html},
	Year = {2011},
	Bdsk-Url-1 = {http://www.econtalk.org/archives/2011/03/townsend_on_dev.html}}

@article{rosenzweig2010there,
	Author = {Rosenzweig, M.R. and Foster, A.D.},
	Date-Added = {2013-05-31 13:15:20 -0400},
	Date-Modified = {2013-05-31 13:15:20 -0400},
	Journal = {Working Papers},
	Publisher = {Economic Growth Center, Yale University},
	Title = {{Is There Surplus Labor in Rural {India}?}},
	Year = {2010}}

@article{townsend1994risk,
	Author = {R.M. Townsend},
	Date-Added = {2013-05-31 13:14:55 -0400},
	Date-Modified = {2013-05-31 13:14:55 -0400},
	Issn = {0012-9682},
	Journal = {Econometrica},
	Number = {3},
	Pages = {539--591},
	Publisher = {JSTOR},
	Title = {{Risk and insurance in village {India}}},
	Volume = {62},
	Year = {1994}}

@unpublished{cavanaugh2010incorporating,
	Author = {Cavanaugh, G and Collier, B and Skees, J},
	Date-Added = {2013-05-31 13:03:18 -0400},
	Date-Modified = {2013-06-21 14:44:43 -0400},
	Institution = {United Nations Development Programme and GlobalAgRisk},
	Note = {Working paper},
	Title = {Incorporating Weather Index Insurance with {Territorial Approaches to Climate Change (TACC)} in Northern {Peru}},
	Year = {2010}}

@unpublished{murphy2011state,
	Author = {Anne Murphy and Barry Barnett and Nadezda Nikolova and Jason Hartell and Jerry Skees and Richard Carpenter},
	Date-Added = {2013-05-31 12:59:07 -0400},
	Date-Modified = {2013-05-31 13:02:12 -0400},
	Institution = {Gates Foundation and GlobalAgRisk},
	Note = {Working paper},
	Title = {State of Knowledge Report --- Market Development for Weather Index Insurance Key Considerations for Sustainability and Scale Up},
	Year = {2011}}

@article{collier2011loan,
	Author = {Collier, Benjamin and Katchova, Ani L and Skees, Jerry R},
	Date-Added = {2013-05-31 12:57:23 -0400},
	Date-Modified = {2013-06-21 14:46:31 -0400},
	Journal = {Agricultural Finance Review},
	Number = {1},
	Pages = {98--119},
	Publisher = {Emerald Group Publishing Limited},
	Title = {Loan Portfolio Performance and {El Ni\~no}, an Intervention Analysis},
	Volume = {71},
	Year = {2011}}

@article{morduch1994poverty,
	Author = {Morduch, Jonathan},
	Date-Added = {2013-05-31 12:56:01 -0400},
	Date-Modified = {2013-05-31 12:56:11 -0400},
	Journal = {The American Economic Review},
	Number = {2},
	Pages = {221--225},
	Publisher = {JSTOR},
	Title = {Poverty and Vulnerability},
	Volume = {84},
	Year = {1994}}

@article{zimmerman2003asset,
	Author = {Zimmerman, Frederick J and Carter, Michael R},
	Date-Added = {2013-05-31 12:54:26 -0400},
	Date-Modified = {2013-05-31 12:54:43 -0400},
	Journal = {Journal of Development Economics},
	Number = {2},
	Pages = {233--260},
	Publisher = {Elsevier},
	Title = {Asset Smoothing, Consumption Smoothing and the Reproduction of Inequality Under Risk and Subsistence Constraints},
	Volume = {71},
	Year = {2003}}

@article{rosenzweig1992wealth,
	Author = {Rosenzweig, Mark R and Binswanger, Hans P},
	Date-Added = {2013-05-31 12:48:00 -0400},
	Date-Modified = {2013-05-31 12:53:07 -0400},
	Journal = {The Economic Journal},
	Month = {January},
	Pages = {56-78},
	Title = {Wealth, Weather Risk, and the Composition and Profitability of Agricultural Investments},
	Volume = {103},
	Year = {1993}}

@unpublished{karlan2011examining,
	Author = {Karlan, D and Osei-Akoto, I and Osei, R and Udry, C},
	Date-Added = {2013-05-31 12:42:23 -0400},
	Date-Modified = {2013-05-31 12:45:06 -0400},
	Institution = {Mimeo, Yale University},
	Note = {Working paper},
	Title = {Examining underinvestment in agriculture: Measuring returns to capital and insurance},
	Year = {2011}}

@unpublished{cole2011does,
	Author = {Cole, Shawn and Gin{\'e}, Xavier and Vickery, James},
	Date-Added = {2013-05-31 12:24:00 -0400},
	Date-Modified = {2013-05-31 12:43:58 -0400},
	Institution = {Harvard Busines School, World Bank, and Federal Reserve Bank of New York},
	Note = {Working paper},
	Title = {How Does Risk Management Influence Production Decisions? Evidence from a Field Experiment},
	Year = {2011}}

@webpage{beck2013how,
	Author = {Marcus Beck},
	Date-Added = {2013-05-31 10:55:16 -0400},
	Date-Modified = {2013-05-31 10:57:34 -0400},
	Lastchecked = {05-21-13},
	Month = {{April 4}},
	Title = {R is my: How long is the average dissertation?},
	Type = {Blog},
	Url = {http://beckmw.wordpress.com/2013/04/15/how-long-is-the-average-dissertation/},
	Year = {2013},
	Bdsk-Url-1 = {http://bettingthebusiness.com/2013/01/31/3-points-on-the-futurization-of-swaps/}}

@periodical{decarlo2013,
	Author = {Scott DeCarlo},
	Date-Added = {2013-05-30 17:21:32 -0400},
	Date-Modified = {2013-05-30 17:23:40 -0400},
	Journal = {Forbes},
	Month = {{April 17}},
	Title = {The World's Biggest Companies},
	Url = {http://www.forbes.com/sites/scottdecarlo/2013/04/17/the-worlds-biggest-companies-2/},
	Year = {2013},
	Bdsk-Url-1 = {http://www.forbes.com/sites/scottdecarlo/2013/04/17/the-worlds-biggest-companies-2/}}

@webpage{parsons2011,
	Author = {John Parsons and Antonio Mello},
	Date-Added = {2013-05-30 17:08:52 -0400},
	Date-Modified = {2013-05-30 17:09:45 -0400},
	Lastchecked = {05-21-13},
	Month = {March},
	Title = {Betting the Business: The {Exxon} Puzzle},
	Type = {Blog},
	Url = {http://bettingthebusiness.com/2011/03/10/the-exxon-puzzle-2/},
	Year = {2011},
	Bdsk-Url-1 = {http://bettingthebusiness.com/2013/01/31/3-points-on-the-futurization-of-swaps/}}

@article{brockett2005weather,
	Author = {Brockett, Patrick L and Wang, Mulong and Yang, Chuanhou},
	Date-Added = {2013-05-30 16:40:16 -0400},
	Date-Modified = {2013-05-30 16:40:16 -0400},
	Journal = {Risk Management and Insurance Review},
	Number = {1},
	Pages = {127--140},
	Publisher = {American Risk and Insurance Association},
	Title = {Weather Derivatives and Weather Risk Management},
	Volume = {8},
	Year = {2005}}

@article{adam2007financial,
	Author = {Adam, Tim and Dasgupta, Sudipto and Titman, Sheridan},
	Date-Added = {2013-05-30 16:39:22 -0400},
	Date-Modified = {2013-05-30 16:39:22 -0400},
	Journal = {Journal of Finance},
	Pages = {2445--2473},
	Publisher = {JSTOR},
	Title = {Financial Constraints, Competition, and Hedging in Industry Equilibrium},
	Year = {2007}}

@article{roll1984orange,
	Author = {Roll, Richard},
	Date-Added = {2013-05-30 16:37:03 -0400},
	Date-Modified = {2013-05-30 16:37:03 -0400},
	Journal = {American Economic Review},
	Number = {5},
	Pages = {861--80},
	Publisher = {American Economic Association},
	Title = {Orange Juice and Weather},
	Volume = {74},
	Year = {1984}}

@article{bartram46effects,
	Author = {Bartram, S{\"o}hnke M and Brown, Gregory W and Conrad, Jennifer},
	Date-Added = {2013-05-30 16:34:02 -0400},
	Date-Modified = {2013-05-30 16:34:23 -0400},
	Journal = {Journal of Financial and Quantitative Analysis},
	Month = {September},
	Number = {04},
	Title = {The Effects of Derivatives on Firm Risk and Value},
	Volume = {46},
	Year = {2011}}

@unpublished{berrospide2008corporate,
	Author = {Berrospide, Jose M and Purnanandam, Amiyatosh and Rajan, Uday},
	Date-Added = {2013-05-30 16:30:24 -0400},
	Date-Modified = {2013-05-31 12:44:41 -0400},
	Institution = {University of Michigan},
	Note = {Working paper},
	Title = {Corporate Hedging, Investment and Value},
	Year = {2008}}

@article{mackay2007value,
	Author = {Mackay, Peter and Moeller, Sara B},
	Date-Added = {2013-05-30 16:28:50 -0400},
	Date-Modified = {2013-05-30 16:28:50 -0400},
	Journal = {Journal of Finance},
	Number = {3},
	Pages = {1379--1419},
	Publisher = {American Finance Association},
	Title = {The Value of Corporate Risk Management},
	Volume = {62},
	Year = {2007}}

@article{carter2006does,
	Author = {Carter, David and Rogers, Daniel and Simkins, Betty},
	Date-Added = {2013-05-30 16:27:49 -0400},
	Date-Modified = {2013-05-30 16:27:49 -0400},
	Journal = {Financial Management},
	Number = {1},
	Title = {Does Hedging Affect Firm Value? Evidence from the US Airline Industry},
	Volume = {35},
	Year = {2006}}

@article{allayannis2001use,
	Author = {Allayannis, George and Weston, James P},
	Date-Added = {2013-05-30 16:26:47 -0400},
	Date-Modified = {2013-05-30 16:26:47 -0400},
	Journal = {Review of Financial Studies},
	Pages = {243--276},
	Publisher = {JSTOR},
	Title = {The Use of Foreign Currency Derivatives and Firm Market Value},
	Year = {2001}}

@article{graham2002firms,
	Author = {Graham, John R and Rogers, Daniel A},
	Date-Added = {2013-05-30 16:25:51 -0400},
	Date-Modified = {2013-05-30 16:25:51 -0400},
	Journal = {Journal of Finance},
	Pages = {815--839},
	Publisher = {JSTOR},
	Title = {Do Firms Hedge in Response to Tax Incentives?},
	Year = {2002}}

@article{leland1998agency,
	Author = {Leland, Hayne E},
	Date-Added = {2013-05-30 16:24:30 -0400},
	Date-Modified = {2013-05-30 16:24:49 -0400},
	Journal = {Journal of Finance},
	Pages = {1213--1243},
	Publisher = {JSTOR},
	Title = {Agency Costs, Risk Management, and Capital Structure},
	Year = {1998}}

@article{demarzo1995corporate,
	Author = {DeMarzo, Peter M and Duffie, Darrell},
	Date-Added = {2013-05-30 16:23:36 -0400},
	Date-Modified = {2013-05-30 16:23:36 -0400},
	Journal = {The Review of Financial Studies},
	Number = {3},
	Pages = {743--771},
	Title = {Corporate Incentives for Hedging and Hedge Accounting},
	Volume = {8},
	Year = {1995}}

@article{froot1993risk,
	Author = {Froot, Kenneth A and Scharfstein, David S and Stein, Jeremy C},
	Date-Added = {2013-05-30 16:22:30 -0400},
	Date-Modified = {2013-05-30 16:22:30 -0400},
	Journal = {Journal of Finance},
	Pages = {1629--1658},
	Publisher = {JSTOR},
	Title = {Risk Management: Coordinating Corporate Investment and Financing Policies},
	Year = {1993}}

@article{smith1985determinants,
	Author = {Smith, Clifford W and Stulz, Rene M},
	Date-Added = {2013-05-30 16:21:30 -0400},
	Date-Modified = {2013-05-30 16:21:30 -0400},
	Journal = {Journal of Financial and Quantitative Analysis},
	Pages = {391--405},
	Publisher = {JSTOR},
	Title = {The Determinants of Firms' Hedging Policies},
	Year = {1985}}

@article{stulz1984optimal,
	Author = {Stulz, Ren{\'e} M},
	Date-Added = {2013-05-30 16:13:24 -0400},
	Date-Modified = {2013-05-30 16:13:24 -0400},
	Journal = {Journal of Financial and Quantitative Analysis},
	Number = {02},
	Pages = {127--140},
	Publisher = {Cambridge University Press},
	Title = {Optimal Hedging Policies},
	Volume = {19},
	Year = {1984}}

@article{mayers1982corporate,
	Author = {Mayers, David and Smith Jr, Clifford W},
	Date-Added = {2013-05-30 16:12:02 -0400},
	Date-Modified = {2013-05-30 16:12:19 -0400},
	Journal = {Journal of Business},
	Pages = {281--296},
	Publisher = {JSTOR},
	Title = {On the Corporate Demand for Insurance},
	Year = {1982}}

@article{bodnar19981998,
	Author = {Bodnar, Gordon M and Hayt, Gregory S and Marston, Richard C},
	Date-Added = {2013-05-30 16:10:01 -0400},
	Date-Modified = {2013-05-30 16:10:36 -0400},
	Journal = {Financial Management},
	Pages = {70--91},
	Publisher = {JSTOR},
	Title = {1998 Wharton Survey of Derivatives Usage by US Non-Financial Firms},
	Year = {1998}}

@article{tufano2003financial,
	Author = {Tufano, Peter},
	Date-Added = {2013-05-30 16:04:45 -0400},
	Date-Modified = {2013-05-30 16:04:51 -0400},
	Journal = {Handbook of the Economics of Finance},
	Pages = {307--335},
	Publisher = {Elsevier},
	Title = {Financial Innovation},
	Volume = {1},
	Year = {2003}}

@article{miller1986financial,
	Author = {Miller, Merton H},
	Date-Added = {2013-05-30 16:01:24 -0400},
	Date-Modified = {2013-05-30 16:01:24 -0400},
	Journal = {Journal of Financial and Quantitative Analysis},
	Number = {04},
	Pages = {459--471},
	Publisher = {Cambridge Univ Press},
	Title = {Financial Innovation: The Last Twenty Years and the Next},
	Volume = {21},
	Year = {1986}}

@article{modigliani1959cost,
	Author = {Modigliani, Franco and Miller, Merton H},
	Date-Added = {2013-05-30 15:59:34 -0400},
	Date-Modified = {2013-05-30 16:00:00 -0400},
	Journal = {The American Economic Review},
	Number = {4},
	Pages = {655--669},
	Title = {The Cost of Capital, Corporation Finance and the Theory of Investment},
	Volume = {49},
	Year = {1959}}

@article{markowitz1952portfolio,
	Author = {Markowitz, Harry},
	Date-Added = {2013-05-30 15:58:09 -0400},
	Date-Modified = {2013-05-30 15:58:35 -0400},
	Journal = {The Journal of Finance},
	Number = {1},
	Pages = {77--91},
	Publisher = {Wiley Online Library},
	Title = {Portfolio Selection},
	Volume = {7},
	Year = {1952}}

@article{econ2012weather,
	Author = {{The Economist}},
	Date-Added = {2013-05-30 15:02:17 -0400},
	Date-Modified = {2013-05-30 15:03:01 -0400},
	Journal = {The Economist},
	Month = {{February 4}},
	Title = {Weather derivatives: Come rain or shine},
	Year = {2012}}

@article{turcotte1993scale,
	Author = {Turcotte, DL and Greene, L},
	Date-Added = {2013-05-29 21:06:26 -0400},
	Date-Modified = {2013-05-29 21:06:26 -0400},
	Journal = {Stochastic hydrology and hydraulics},
	Number = {1},
	Pages = {33--40},
	Publisher = {Springer},
	Title = {A scale-invariant approach to flood-frequency analysis},
	Volume = {7},
	Year = {1993}}

@article{malamud19961993,
	Author = {Malamud, Bruce D and Turcotte, Donald L and Barton, Christopher C},
	Date-Added = {2013-05-29 21:05:59 -0400},
	Date-Modified = {2013-05-29 21:05:59 -0400},
	Journal = {Environmental \& Engineering Geoscience},
	Number = {4},
	Pages = {479--486},
	Publisher = {Assoc Eng Geologists},
	Title = {The 1993 Mississippi River flood; a one hundred or a one thousand year event?},
	Volume = {2},
	Year = {1996}}

@book{gutenberg1965seismicity,
	Author = {Gutenberg, Beno and Richter, Charles Francis},
	Date-Added = {2013-05-29 21:05:24 -0400},
	Date-Modified = {2013-05-29 21:05:24 -0400},
	Publisher = {Hafner New Delhi},
	Title = {Seismicity of the earth and associated phenomena},
	Year = {1965}}

@article{malamud1998forest,
	Author = {Malamud, Bruce D and Morein, Gleb and Turcotte, Donald L},
	Date-Added = {2013-05-29 21:04:31 -0400},
	Date-Modified = {2013-05-29 21:04:31 -0400},
	Journal = {Science},
	Number = {5384},
	Pages = {1840--1842},
	Publisher = {American Association for the Advancement of Science},
	Title = {Forest fires: an example of self-organized critical behavior},
	Volume = {281},
	Year = {1998}}

@article{leland1992insider,
	Author = {Leland, Hayne E},
	Date-Added = {2013-05-29 15:45:24 -0400},
	Date-Modified = {2013-05-29 15:45:37 -0400},
	Journal = {Journal of Political Economy},
	Pages = {859--887},
	Publisher = {JSTOR},
	Title = {Insider Trading: Should It Be Prohibited?},
	Year = {1992}}

@article{kyle1985continuous,
	Author = {Kyle, Albert S},
	Date-Added = {2013-05-29 15:44:37 -0400},
	Date-Modified = {2013-05-29 15:44:50 -0400},
	Journal = {Econometrica: Journal of the Econometric Society},
	Pages = {1315--1335},
	Publisher = {JSTOR},
	Title = {Continuous Auctions and Insider Trading},
	Year = {1985}}

@article{glosten1985bid,
	Author = {Glosten, Lawrence R and Milgrom, Paul R},
	Date-Added = {2013-05-29 15:43:07 -0400},
	Date-Modified = {2013-05-29 15:43:49 -0400},
	Journal = {Journal of Financial Economics},
	Number = {1},
	Pages = {71--100},
	Publisher = {Elsevier},
	Title = {Bid, Ask and Transaction Prices in a Specialist Market with Heterogeneously Informed Traders},
	Volume = {14},
	Year = {1985}}

@article{copeland1983information,
	Author = {Copeland, Thomas E and Galai, Dan},
	Date-Added = {2013-05-29 15:42:24 -0400},
	Date-Modified = {2013-05-29 15:42:44 -0400},
	Journal = {Journal of Finance},
	Number = {5},
	Pages = {1457--1469},
	Publisher = {Wiley Online Library},
	Title = {Information Effects on the Bid-Ask Spread},
	Volume = {38},
	Year = {1983}}

@incollection{skees2013,
	Author = {Skees, Jerry R. and Grant Cavanaugh},
	Booktitle = {Comparative Decision Making},
	Chapter = {15},
	Date-Added = {2013-05-29 15:07:02 -0400},
	Date-Modified = {2013-05-29 15:11:04 -0400},
	Editor = {Crowley, P.H. and Zentall, T.R},
	Publisher = {Oxford University Press},
	Title = {Improving Public Policy Decisions in Creating Institutions and Markets to Transfer Natural Disaster Risk in Developing Countries},
	Year = {2013}}

@periodical{rennison013b,
	Author = {Joe Rennison},
	Date-Added = {2013-05-29 12:47:31 -0400},
	Date-Modified = {2013-05-29 12:48:12 -0400},
	Journal = {Risk magazine},
	Month = {{March 27}},
	Title = {Futurisation debate shifts to block trading rules},
	Year = {2013},
	Bdsk-Url-1 = {http://www.darrellduffie.com/uploads/policy/DuffieBGOV_FuturizationOfSwaps.pdf}}

@electronic{cftcpresser2013,
	Author = {{Commodity Futures Trading Commission Office of Public Affairs}},
	Date-Added = {2013-05-29 12:41:14 -0400},
	Date-Modified = {2013-05-29 12:44:40 -0400},
	Month = {{May 16}},
	Title = {Final Rulemaking on Procedures to Establish Appropriate Minimum Block Sizes for Large Notional Off-Facility Swaps and Block Trades; Further Measures to Protect the Identities of Parties to Swap Transactions},
	Url = {http://www.cftc.gov/ucm/groups/public/@newsroom/documents/file/block_factsheet_final.pdf},
	Urldate = {May 29, 2013},
	Year = {2013},
	Bdsk-Url-1 = {http://www.cftc.gov/ucm/groups/public/@newsroom/documents/file/block_factsheet_final.pdf}}

@book{mallaby2011more,
	Author = {Mallaby, Sebastian},
	Date-Added = {2013-05-29 12:31:55 -0400},
	Date-Modified = {2013-05-29 12:32:23 -0400},
	Publisher = {Bloomsbury Paperbacks},
	Title = {More Money than God: Hedge Funds and the Making of the New Elite},
	Year = {2011}}

@periodical{ft2012,
	Author = {Ruona Agbroko},
	Date-Added = {2013-05-29 12:14:28 -0400},
	Date-Modified = {2013-06-21 17:33:10 -0400},
	Journal = {Financial Times},
	Month = {{August 1}},
	Title = {Cocoa at nine-month high in weather fear},
	Year = {2012}}

@article{ashcraft2007systemic,
	Author = {Ashcraft, Adam B and Duffie, Darrell},
	Date-Added = {2013-05-29 11:07:19 -0400},
	Date-Modified = {2013-05-29 11:07:51 -0400},
	Journal = {The American Economic Review},
	Number = {2},
	Pages = {221--225},
	Publisher = {JSTOR},
	Title = {Systemic Illiquidity in the Federal Funds Market},
	Volume = {97},
	Year = {2007}}

@article{massa2003reputation,
	Author = {Massa, Massimo and Simonov, Andrei},
	Date-Added = {2013-05-29 11:05:57 -0400},
	Date-Modified = {2013-05-29 11:05:57 -0400},
	Journal = {Journal of Financial Markets},
	Number = {2},
	Pages = {99--141},
	Publisher = {Elsevier},
	Title = {Reputation and interdealer trading: A microstructure analysis of the treasury bond market},
	Volume = {6},
	Year = {2003}}

@article{green2007dealer,
	Author = {Green, Richard C and Hollifield, Burton and Sch{\"u}rhoff, Norman},
	Date-Added = {2013-05-29 11:04:29 -0400},
	Date-Modified = {2013-05-29 11:04:29 -0400},
	Journal = {Journal of Financial Economics},
	Number = {3},
	Pages = {643--682},
	Publisher = {Elsevier},
	Title = {Dealer intermediation and price behavior in the aftermarket for new bond issues},
	Volume = {86},
	Year = {2007}}

@book{lewis2010big,
	Author = {Lewis, Michael},
	Date-Added = {2013-05-29 10:43:33 -0400},
	Date-Modified = {2013-05-29 10:43:50 -0400},
	Publisher = {WW Norton},
	Title = {The Big Short: Inside the Doomsday Machine},
	Year = {2010}}

@techreport{davispolk2012,
	Author = {{Davis Polk}},
	Date-Added = {2013-05-29 10:29:49 -0400},
	Date-Modified = {2013-06-28 23:52:58 -0400},
	Institution = {Davis Polk \& Wardwell LLP},
	Month = {May},
	Title = {Client Memorandum: {CFTC} and {SEC} Adopt Final Swap Dealer, Major Swap Participant and Eligible Contract Participant Definitions},
	Url = {http://www.davispolk.com/files/Publication/f5da8563-1257-4be7-b1a1-7d179b7fecbd/Presentation/PublicationAttachment/6eb3305b-a70e-477a-b3e3-a12a6e69e0a9/050212_Swap_Entity_Definitions.pdf},
	Year = {2012},
	Bdsk-Url-1 = {http://www.davispolk.com/files/Publication/f5da8563-1257-4be7-b1a1-7d179b7fecbd/Presentation/PublicationAttachment/6eb3305b-a70e-477a-b3e3-a12a6e69e0a9/050212_Swap_Entity_Definitions.pdf}}

@book{silver2012signal,
	Author = {Silver, Nate},
	Date-Added = {2013-05-22 19:48:06 -0400},
	Date-Modified = {2013-05-22 19:48:06 -0400},
	Publisher = {Penguin Press},
	Title = {The Signal and the Noise: Why So Many Predictions Fail-but Some Don't},
	Year = {2012}}

@article{elder2007african,
	Author = {Elder, Keith and Xirasagar, Sudha and Miller, Nancy and Bowen, Shelly Ann and Glover, Saundra and Piper, Crystal},
	Date-Added = {2013-05-22 19:43:24 -0400},
	Date-Modified = {2013-06-21 14:47:53 -0400},
	Journal = {American Journal of Public Health},
	Number = {Supplement\_1},
	Pages = {S124--S129},
	Publisher = {American Public Health Association},
	Title = {{African} {Americans'} Decisions Not to Evacuate {New Orleans} Before {Hurricane Katrina}: a Qualitative Study},
	Volume = {97},
	Year = {2007}}

@article{gladwin1997warning,
	Author = {Gladwin, Hugh and Peacock, Walter G},
	Date-Added = {2013-05-22 19:40:05 -0400},
	Date-Modified = {2013-05-22 19:41:45 -0400},
	Journal = {Hurricane Andrew: Gender, ethnicity and the sociology of disasters},
	Pages = {52--74},
	Publisher = {Routledge, New York},
	Title = {Warning and Evacuation: A Night for Hard Houses},
	Year = {1997}}

@article{luo2007bayesian,
	Author = {Luo, Lifeng and Wood, Eric F and Pan, Ming},
	Date-Added = {2013-05-22 18:03:44 -0400},
	Date-Modified = {2013-05-22 18:04:43 -0400},
	Journal = {Journal of Geophysical Research: Atmospheres},
	Number = {D10},
	Title = {{Bayesian} Merging of Multiple Climate Model Forecasts for Seasonal Hydrological Predictions},
	Volume = {112},
	Year = {2007}}

@article{coelho2004forecast,
	Author = {Coelho, CAS and Pezzulli, S and Balmaseda, M and Doblas-Reyes, FJ and Steph{ENSO}n, DB},
	Date-Added = {2013-05-22 18:01:50 -0400},
	Date-Modified = {2013-05-22 18:02:28 -0400},
	Journal = {Journal of Climate},
	Number = {7},
	Pages = {1504--1516},
	Title = {Forecast Calibration and Combination: A Simple {Bayesian} Approach for {ENSO}},
	Volume = {17},
	Year = {2004}}

@article{perez2011risk,
	Author = {P{\'e}rez-Gonz{\'a}lez, Francisco and Yun, Hayong},
	Date-Added = {2013-05-22 11:26:29 -0400},
	Date-Modified = {2013-05-22 11:29:20 -0400},
	Journal = {Journal of Finance},
	Note = {reference based on June 2011 working paper at \url{http://www.stanford.edu/~fperezg/derivativesaddvalue.pdf}},
	Title = {Risk management and firm value: Evidence from weather derivatives},
	Year = {forthcoming}}

@webpage{wb2013,
	Author = {The World Bank Group},
	Date-Added = {2013-05-21 09:43:55 -0400},
	Date-Modified = {2013-06-21 14:53:58 -0400},
	Lastchecked = {05/21/2013},
	Month = {May},
	Title = {The {Pacific Disaster Risk Financing and Insurance Program}},
	Url = {http://web.worldbank.org/WBSITE/EXTERNAL/TOPICS/EXTFINANCIALSECTOR/EXTDISASTER/0,,contentMDK:23093927~menuPK:8707838~pagePK:64168445~piPK:64168309~theSitePK:8308421,00.html},
	Year = {2013},
	Bdsk-Url-1 = {http://www.ccrif.org/}}

@webpage{ccrif2013,
	Author = {{Caribbean Catastrophe Risk Insurance Facility (CCRIF)}},
	Date-Added = {2013-05-21 09:40:57 -0400},
	Date-Modified = {2013-06-21 14:44:04 -0400},
	Lastchecked = {05/21/2013},
	Month = {May},
	Title = {The {Caribbean Catastrophe Risk Insurance Facility (CCRIF)}: Homepage},
	Url = {http://www.ccrif.org/},
	Year = {2013},
	Bdsk-Url-1 = {http://www.ccrif.org/}}

@periodical{rennison013,
	Author = {Joe Rennison},
	Date-Added = {2013-05-19 15:06:10 -0400},
	Date-Modified = {2013-05-19 15:08:35 -0400},
	Journal = {Risk magazine},
	Month = {{April 14}},
	Title = {Swaps vs futures: {OTC} market speaks out},
	Year = {2013},
	Bdsk-Url-1 = {http://www.darrellduffie.com/uploads/policy/DuffieBGOV_FuturizationOfSwaps.pdf}}

@webpage{parsons2013,
	Author = {John Parsons and Antonio Mello},
	Date-Added = {2013-05-19 14:47:14 -0400},
	Date-Modified = {2013-05-19 14:50:01 -0400},
	Lastchecked = {05-21-13},
	Month = {January},
	Title = {Betting the Business: 3 points on the futurization of swaps},
	Type = {Blog},
	Url = {http://bettingthebusiness.com/2013/01/31/3-points-on-the-futurization-of-swaps/},
	Year = {2013},
	Bdsk-Url-1 = {http://bettingthebusiness.com/2013/01/31/3-points-on-the-futurization-of-swaps/}}

@periodical{litan2013,
	Author = {Robert Litan},
	Date-Added = {2013-05-19 14:45:41 -0400},
	Date-Modified = {2013-05-19 15:08:56 -0400},
	Journal = {Bloomberg Government},
	Month = {{January 14}},
	Series = {BGOV Analysis},
	Title = {Futurization of Swaps},
	Url = {http://www.darrellduffie.com/uploads/policy/BGOV_FuturizationOfSwaps.pdf},
	Year = {2013},
	Bdsk-Url-1 = {http://www.darrellduffie.com/uploads/policy/BGOV_FuturizationOfSwaps.pdf}}

@periodical{duffie2013,
	Author = {Darrell Duffie},
	Date-Added = {2013-05-19 14:41:54 -0400},
	Date-Modified = {2013-05-19 15:09:15 -0400},
	Journal = {Bloomberg Government},
	Month = {{January 28}},
	Series = {BGOV Analysis: Counterpoint},
	Title = {Futurization of Swaps},
	Url = {http://www.darrellduffie.com/uploads/policy/DuffieBGOV_FuturizationOfSwaps.pdf},
	Year = {2013},
	Bdsk-Url-1 = {http://www.darrellduffie.com/uploads/policy/DuffieBGOV_FuturizationOfSwaps.pdf}}

@book{patterson2012dark,
	Author = {Patterson, Scott},
	Date-Added = {2013-05-19 13:50:56 -0400},
	Date-Modified = {2013-05-19 13:52:43 -0400},
	Publisher = {Crown Pub},
	Title = {Dark Pools: High-speed Traders, AI Bandits, and the Threat to the Global Financial System},
	Year = {2012}}

@book{mclean2004smartest,
	Author = {McLean, Bethany and Elkind, Peter},
	Cites = {New York},
	Date-Added = {2013-05-19 13:45:56 -0400},
	Date-Modified = {2013-05-19 13:48:48 -0400},
	Publisher = {Portfolio Trade},
	Read = {1},
	Title = {The Smartest Guys in the Room: The Amazing Rise and Scandalous Fall of {Enron}},
	Year = {2004}}

@article{akerlof1970market,
	Author = {Akerlof, George A},
	Date-Added = {2013-05-19 13:04:26 -0400},
	Date-Modified = {2013-05-22 19:41:24 -0400},
	Journal = {The quarterly journal of economics},
	Pages = {488--500},
	Publisher = {JSTOR},
	Title = {The Market For ``Lemons'': Quality Uncertainty and the Market Mechanism},
	Year = {1970}}

@article{coping2011,
	Author = {Milena {Arias Schreiber} and Miguel \~Niquen and Maril\'u Bouchon},
	Date-Added = {2013-05-18 22:22:52 -0500},
	Date-Modified = {2013-06-21 14:50:00 -0400},
	Journal = {Sustainability},
	Month = {June},
	Pages = {823-846},
	Title = {Coping Strategies to Deal with Environmental Variability and Extreme Climatic Events in the {Peruvian} Anchovy Fishery},
	Volume = {3},
	Year = {2011}}

@book{oxley2011extreme,
	Author = {Oxley, Lawrence J},
	Date-Added = {2013-05-14 17:02:25 -0400},
	Date-Modified = {2013-05-14 17:02:25 -0400},
	Publisher = {Wiley},
	Title = {Extreme Weather and The Financial Markets: Opportunities in Commodities and Futures},
	Volume = {538},
	Year = {2011}}

@misc{cha2012,
	Author = {Eunmi Cha},
	Cites = {Chicago},
	Date-Added = {2013-05-14 12:19:06 -0400},
	Date-Modified = {2013-06-21 14:45:11 -0400},
	Howpublished = {Presentation},
	Month = {May},
	Organization = {R/Finance},
	Title = {Risk Management in {ERCOT} Power Markets},
	Url = {http://www.rinfinance.com/RinFinance2012/agenda/},
	Year = {2012},
	Bdsk-Url-1 = {http://www.rinfinance.com/RinFinance2012/agenda/}}

@manual{plummer2013,
	Author = {Martyn Plummer},
	Date-Added = {2013-05-13 13:18:01 -0400},
	Date-Modified = {2013-05-13 13:20:47 -0400},
	Note = {R package version 3-10},
	Title = {rjags: {Bayesian} graphical models using {MCMC}},
	Url = {http://CRAN.R-project.org/package=rjags},
	Year = {2013},
	Bdsk-Url-1 = {http://CRAN.R-project.org/package=rjags}}

@book{ripley2002modern,
	Author = {Ripley, Brian D},
	Date-Added = {2013-05-08 19:34:32 -0400},
	Date-Modified = {2013-05-08 19:34:32 -0400},
	Publisher = {Springer},
	Title = {Modern applied statistics with S},
	Year = {2002}}

@unpublished{damodaran15probabilistic,
	Author = {Damodaran, A},
	Date-Added = {2013-05-08 19:14:20 -0400},
	Date-Modified = {2013-05-08 19:18:06 -0400},
	Month = {Nov},
	Title = {Probabilistic Approaches: Scenario Analysis},
	Url = {http://people.stern.nyu.edu/adamodar/pdfiles/papers/probabilistic.pdf},
	Year = {2011},
	Bdsk-Url-1 = {http://people.stern.nyu.edu/adamodar/pdfiles/papers/probabilistic.pdf}}

@article{merton1973theory,
	Author = {Merton, Robert C},
	Date-Added = {2013-05-08 19:13:46 -0400},
	Date-Modified = {2013-05-08 19:14:04 -0400},
	Journal = {The Bell Journal of Economics and Management Science},
	Pages = {141--183},
	Title = {Theory of Rational Option Pricing},
	Year = {1973}}

@article{black1973pricing,
	Author = {Black, Fischer and Scholes, Myron},
	Date-Added = {2013-05-08 19:12:34 -0400},
	Date-Modified = {2013-06-19 17:18:19 -0400},
	Journal = {The Journal of Political Economy},
	Pages = {637--654},
	Publisher = {JSTOR},
	Title = {The Pricing of Options and Corporate Liabilities},
	Year = {1973}}

@article{mcphaden1998tropical,
	Author = {McPhaden, Michael J and Busalacchi, Antonio J and Cheney, Robert and Donguy, Jean-Ren{\'e} and Gage, Kenneth S and Halpern, David and Ji, Ming and Julian, Paul and Meyers, Gary and Mitchum, Gary T and others},
	Date-Added = {2013-05-03 11:17:44 -0400},
	Date-Modified = {2013-05-03 11:17:44 -0400},
	Journal = {Journal of Geophysical Research: Oceans (1978--2012)},
	Number = {C7},
	Pages = {14169--14240},
	Publisher = {Wiley Online Library},
	Title = {The {Tropical Ocean-Global Atmosphere} observing system: A decade of progress},
	Volume = {103},
	Year = {1998}}

@book{jewson2005weather,
	Author = {Jewson, Stephen and Brix, Anders},
	Date-Added = {2013-05-03 09:41:02 -0400},
	Date-Modified = {2013-05-03 09:41:40 -0400},
	Publisher = {Cambridge University Press},
	Title = {Weather Derivative Valuation: the Meteorological, Statistical, Financial and Mathematical Foundations},
	Year = {2005}}

@article{reynolds2002improved,
	Author = {Reynolds, Richard W and Rayner, Nick A and Smith, Thomas M and Stokes, Diane C and Wang, Wanqiu},
	Date-Added = {2013-02-25 13:16:36 -0500},
	Date-Modified = {2013-02-25 13:16:36 -0500},
	Journal = {Journal of Climate},
	Number = {13},
	Pages = {1609--1625},
	Title = {An improved in situ and satellite {SST} analysis for climate},
	Volume = {15},
	Year = {2002}}

@article{smith1998high,
	Author = {Smith, Thomas M and Reynolds, Richard W},
	Date-Added = {2013-02-25 13:15:58 -0500},
	Date-Modified = {2013-02-25 13:15:58 -0500},
	Journal = {Journal of Climate},
	Number = {12},
	Pages = {3320--3323},
	Title = {A high-resolution global sea surface temperature climatology for the 1961-90 base period},
	Volume = {11},
	Year = {1998}}

@article{reynolds1995high,
	Author = {Reynolds, Richard W and Smith, Thomas M and others},
	Date-Added = {2013-02-25 13:15:09 -0500},
	Date-Modified = {2013-02-25 13:15:09 -0500},
	Journal = {Journal of Climate},
	Number = {6},
	Pages = {1571--1583},
	Publisher = {Boston, MA: American Meteorological Society, c1988-},
	Title = {A high-resolution global sea surface temperature climatology},
	Volume = {8},
	Year = {1995}}

@article{reynolds1994improved,
	Author = {Reynolds, Richard W and Smith, Thomas M},
	Date-Added = {2013-02-25 13:10:08 -0500},
	Date-Modified = {2013-02-25 13:10:08 -0500},
	Journal = {Journal of Climate},
	Number = {6},
	Pages = {929--948},
	Title = {Improved global sea surface temperature analyses using optimum interpolation},
	Volume = {7},
	Year = {1994}}

@article{reynolds1993improved,
	Author = {Reynolds, Richard W and Marsico, Diane C},
	Date-Added = {2013-02-25 13:08:42 -0500},
	Date-Modified = {2013-02-25 13:08:42 -0500},
	Journal = {Journal of Climate},
	Number = {1},
	Pages = {114--119},
	Title = {An improved real-time global sea surface temperature analysis},
	Volume = {6},
	Year = {1993}}

@article{reynolds1993impact,
	Author = {Reynolds, Richard W},
	Date-Added = {2013-02-25 13:07:51 -0500},
	Date-Modified = {2013-02-25 13:07:51 -0500},
	Journal = {Journal of Climate},
	Number = {4},
	Pages = {768--774},
	Title = {Impact of {Mount Pinatubo} aerosols on satellite-derived sea surface temperatures},
	Volume = {6},
	Year = {1993}}

@article{reynolds1988real,
	Author = {Reynolds, Richard W},
	Date-Added = {2013-02-25 11:36:14 -0500},
	Date-Modified = {2013-02-25 13:20:25 -0500},
	Journal = {Journal of Climate},
	Number = {1},
	Pages = {75--86},
	Title = {A real-time global sea surface temperature analysis},
	Volume = {1},
	Year = {1988}}

@article{xue2003interdecadal,
	Author = {Xue, Yan and Smith, Thomas M and Reynolds, Richard W},
	Date-Added = {2013-02-25 11:34:07 -0500},
	Date-Modified = {2013-02-25 11:34:07 -0500},
	Journal = {Journal of Climate},
	Number = {10},
	Pages = {1601--1612},
	Title = {Interdecadal changes of 30-yr {SST} normals during 1871-2000},
	Volume = {16},
	Year = {2003}}

@article{smith2008improvements,
	Author = {Smith, Thomas M and Reynolds, Richard W and Peterson, Thomas C and Lawrimore, Jay},
	Date-Added = {2013-02-25 11:33:00 -0500},
	Date-Modified = {2013-02-25 11:33:00 -0500},
	Journal = {Journal of Climate},
	Number = {10},
	Pages = {2283--2296},
	Title = {Improvements to {NOAA}'s historical merged land-ocean surface temperature analysis (1880-2006)},
	Volume = {21},
	Year = {2008}}

@article{smith2004improved,
	Author = {Smith, Thomas M and Reynolds, Richard W},
	Date-Added = {2013-02-25 11:32:10 -0500},
	Date-Modified = {2013-02-25 11:32:10 -0500},
	Journal = {Journal of Climate},
	Number = {12},
	Pages = {2466--2477},
	Title = {Improved extended reconstruction of {SST} (1854-1997)},
	Volume = {17},
	Year = {2004}}

@article{smith2003extended,
	Author = {Smith, Thomas M and Reynolds, Richard W},
	Date-Added = {2013-02-25 11:30:31 -0500},
	Date-Modified = {2013-02-25 11:30:31 -0500},
	Journal = {Journal of Climate},
	Number = {10},
	Pages = {1495--1510},
	Title = {Extended reconstruction of global sea surface temperatures based on {COADS} data (1854-1997)},
	Volume = {16},
	Year = {2003}}

@book{duffie2012dark,
	Author = {Duffie, D.},
	Date-Added = {2012-12-05 22:16:56 -0500},
	Date-Modified = {2012-12-08 16:25:17 -0500},
	Publisher = {Princeton University Press},
	Title = {Dark Markets: Asset Pricing and Information Transmission in Over-the-Counter Markets},
	Year = {2012}}

@article{gorham12,
	Author = {Gorham, Michael and Poulomi Kundu},
	Date-Added = {2012-11-22 12:42:42 -0500},
	Date-Modified = {2012-11-22 12:42:42 -0500},
	Journal = {The Review of Futures Markets},
	Month = {July},
	Pages = {105--140},
	Title = {A Half-Century of Product Innovation and Competition at {U.S.} Futures Exchanges},
	Volume = {20},
	Year = {2012}}

@electronic{artemis2012deal,
	Author = {Evans, Steve},
	Date-Added = {2012-11-22 12:42:42 -0500},
	Date-Modified = {2012-11-22 12:42:42 -0500},
	Lastchecked = {March 10, 2012},
	Month = {March},
	Title = {Artemis.bm Catastrophe Bond Deal Directory},
	Url = {http://www.artemis.bm/deal_directory/},
	Year = {2012},
	Bdsk-Url-1 = {http://www.artemis.bm/deal_directory/}}

@electronic{artemis2012news,
	Author = {Evans, Steve},
	Date-Added = {2012-11-22 12:42:42 -0500},
	Date-Modified = {2013-06-19 12:08:47 -0400},
	Lastchecked = {June 20, 2013},
	Month = {June},
	Title = {Artemis.bm News},
	Url = {http://www.artemis.bm/blog/},
	Year = {2013},
	Bdsk-Url-1 = {http://www.artemis.bm/deal_directory/}}

@article{murnane2004climate,
	Author = {Murnane, R.J.},
	Date-Added = {2012-11-22 12:42:42 -0500},
	Date-Modified = {2012-11-22 12:51:49 -0500},
	Journal = {Bulletin of the American Meteorological Society},
	Pages = {697--707},
	Title = {Climate Research and Reinsurance},
	Volume = {85},
	Year = {2004}}

@article{vicsek2002bigger,
	Author = {Vicsek, T.},
	Date-Added = {2012-11-22 12:42:42 -0500},
	Date-Modified = {2012-11-22 12:42:42 -0500},
	Journal = {Nature},
	Number = {6894},
	Pages = {131--131},
	Publisher = {Nature Publishing Group},
	Title = {Complexity: The Bigger Picture},
	Volume = {418},
	Year = {2002}}

@techreport{isda2011,
	Author = {{ISDA Research Staff} and {NERA Economic Consulting}},
	Date-Added = {2012-11-22 12:42:42 -0500},
	Date-Modified = {2012-11-22 12:42:42 -0500},
	Institution = {International Swaps and Derivatives Association},
	Month = {November},
	Number = {2},
	Title = {Costs and Benefits of Mandatory Electronic Execution Requirements for Interest Rate Products},
	Type = {Discussion Paper},
	Year = {2011}}

@article{hung2011determinants,
	Author = {Hung, M.W. and Lin, B.H. and Huang, Y.C. and Chou, J.H.},
	Date-Added = {2012-11-22 12:42:42 -0500},
	Date-Modified = {2012-11-22 12:59:51 -0500},
	Journal = {International Review of Economics \& Finance},
	Number = {3},
	Pages = {452--458},
	Publisher = {Elsevier},
	Title = {Determinants of Futures Contract Success: Empirical Examinations for the Asian Futures Markets},
	Volume = {20},
	Year = {2011}}

@article{bove1998effect,
	Author = {Bove, M.C. and O'Brien, J.J. and Eisner, J.B. and Landsea, C.W. and Niu, X. and others},
	Date-Added = {2012-11-22 12:42:42 -0500},
	Date-Modified = {2012-12-08 16:31:56 -0500},
	Journal = {Bulletin of the American Meteorological Society},
	Number = {11},
	Pages = {2477--2482},
	Title = {Effect of {El Ni\~no} on {U.S.} landfalling hurricanes, revisited},
	Volume = {79},
	Year = {1998}}

@techreport{UCAR1994,
	Author = {UCAR},
	Date-Added = {2012-11-22 12:42:42 -0500},
	Date-Modified = {2012-11-22 13:13:36 -0500},
	Institution = {University Corporation for Atmospheric Research (UCAR)},
	Number = {3},
	Title = {{El Ni\~no} and Climate Prediction: Reports to the Nation on our Changing Planet},
	Year = {1994}}

@article{thomson2003nino,
	Author = {Thomson, MC and Abayomi, K. and Barnston, AG and Levy, M. and Dilley, M.},
	Date-Added = {2012-11-22 12:42:42 -0500},
	Date-Modified = {2012-11-22 13:11:29 -0500},
	Journal = {The Lancet},
	Number = {9355},
	Pages = {437--438},
	Publisher = {Elsevier},
	Title = {{El Ni\~no} and Drought in {Southern} {Africa}},
	Volume = {361},
	Year = {2003}}

@article{goddard2005nino,
	Author = {Goddard, L. and Dilley, M.},
	Date-Added = {2012-11-22 12:42:42 -0500},
	Date-Modified = {2012-11-22 13:13:55 -0500},
	Journal = {Journal of Climate},
	Number = {5},
	Pages = {651--665},
	Title = {{El Ni\~no}: Catastrophe or Opportunity},
	Volume = {18},
	Year = {2005}}

@article{hoerling1997nino,
	Author = {Hoerling, M.P. and Kumar, A. and Zhong, M.},
	Date-Added = {2012-11-22 12:42:42 -0500},
	Date-Modified = {2012-11-22 13:14:20 -0500},
	Journal = {Journal of Climate},
	Number = {8},
	Pages = {1769--1786},
	Title = {{El Ni\~no}, {La Ni\~na}, and the Nonlinearity of Their Teleconnections},
	Volume = {10},
	Year = {1997}}

@article{klotzbach2011nino,
	Author = {Klotzbach, P.J.},
	Date-Added = {2012-11-22 12:42:42 -0500},
	Date-Modified = {2012-12-08 16:29:56 -0500},
	Journal = {Journal of Climate},
	Number = {4},
	Pages = {1252--1263},
	Title = {{El Ni\~no}-{Southern Oscillation}'s Impact on {Atlantic} Basin Hurricanes and {US} Landfalls},
	Volume = {24},
	Year = {2011}}

@book{gorham2009electronic,
	Author = {Gorham, M. and Singh, N.},
	Date-Added = {2012-11-22 12:42:42 -0500},
	Date-Modified = {2012-11-22 13:15:28 -0500},
	Publisher = {Elsevier Science},
	Title = {Electronic Exchanges: The Global Transformation From Pits to Bits},
	Year = {2009}}

@article{indeje2000enso,
	Author = {Indeje, M. and Semazzi, F.H.M. and Ogallo, L.J. and others},
	Date-Added = {2012-11-22 12:42:42 -0500},
	Date-Modified = {2013-06-26 17:02:32 -0400},
	Journal = {International Journal of Climatology},
	Number = {1},
	Pages = {19--46},
	Title = {{ENSO} Signals in {East African} Rainfall Seasons},
	Volume = {20},
	Year = {2000}}

@book{de1994european,
	Author = {De Mesquita, B.B. and Stokman, F.N.},
	Date-Added = {2012-11-22 12:42:42 -0500},
	Date-Modified = {2012-11-22 13:16:14 -0500},
	Publisher = {Yale Univ Pr},
	Title = {European Community Decision Making: Models, Applications, and Comparisons},
	Year = {1994}}

@article{econ2011ETF,
	Author = {{The Economist}},
	Date-Added = {2012-11-22 12:42:42 -0500},
	Date-Modified = {2012-11-22 13:16:48 -0500},
	Journal = {The Economist},
	Month = {{June 23}},
	Title = {Exchange-Traded Funds: Too Much of a Good Thing},
	Year = {2011}}

@unpublished{gorton2004facts,
	Author = {Gorton, G. and Rouwenhorst, K.G.},
	Date-Added = {2012-11-22 12:42:42 -0500},
	Date-Modified = {2013-06-15 13:15:18 -0400},
	Institution = {National Bureau of Economic Research},
	Note = {Working paper},
	Title = {Facts and Fantasies About Commodity Futures},
	Year = {2004}}

@article{holland1997features,
	Author = {Holland, A. and Fremault, A.},
	Date-Added = {2012-11-22 12:42:42 -0500},
	Date-Modified = {2012-11-22 13:17:24 -0500},
	Journal = {Bank of England Quarterly Bulletin},
	Number = {2},
	Pages = {181--186},
	Title = {Features of a Successful Contract: Financial Futures on {LIFFE}},
	Volume = {37},
	Year = {1997}}

@article{telegraph2010,
	Author = {Philip Aldrick},
	Date-Added = {2012-11-22 12:42:42 -0500},
	Date-Modified = {2012-11-22 13:18:13 -0500},
	Journal = {The Telegraph},
	Month = {{February 16, 2010}},
	Title = {Financial Innovation Can Be Harmful, Says FSA's Lord Turner},
	Year = {2010}}

@article{duffie1995financial,
	Author = {Duffie, D. and Rahi, R.},
	Date-Added = {2012-11-22 12:42:42 -0500},
	Date-Modified = {2012-11-23 12:50:40 -0500},
	Journal = {Journal of Economic Theory},
	Number = {1},
	Pages = {1--42},
	Publisher = {Elsevier},
	Title = {Financial Market Innovation and Security Design: An Introduction},
	Volume = {65},
	Year = {1995}}

@article{elsner1999fluctuations,
	Author = {Elsner, JB and Kara, AB and Owens, MA},
	Date-Added = {2012-11-22 12:42:42 -0500},
	Date-Modified = {2012-11-23 12:51:12 -0500},
	Journal = {Journal of Climate},
	Number = {2},
	Pages = {427--437},
	Title = {Fluctuations in {North} {Atlantic} Hurricane Frequency},
	Volume = {12},
	Year = {1999}}

@article{econ2008,
	Author = {{The Economist}},
	Date-Added = {2012-11-22 12:42:42 -0500},
	Date-Modified = {2012-11-23 12:52:38 -0500},
	Journal = {The Economist},
	Month = {{April 17}},
	Title = {Food and the Poor: The New Face of Hunger.},
	Year = {2008}}

@book{bueno1985forecasting,
	Author = {Bueno de Mesquita, B. and Newman, D. and Rabushka, A.},
	Date-Added = {2012-11-22 12:42:42 -0500},
	Date-Modified = {2012-11-23 12:53:12 -0500},
	Publisher = {New Haven: Yale University Press},
	Title = {Forecasting Political Events: The Future of Hong Kong},
	Year = {1985}}

@book{poundstone2006fortune,
	Author = {Poundstone, W.},
	Date-Added = {2012-11-22 12:42:42 -0500},
	Date-Modified = {2012-11-22 12:42:42 -0500},
	Publisher = {Hill and Wang},
	Title = {Fortune's Formula: The Untold Story of the Scientific Betting System That Beat the Casinos and Wall Street},
	Year = {2006}}

@manual{fractal2010,
	Author = {William Constantine (REvolution Computing) and Donald Percival (Applied Physics Laboratory and University of {Washington})},
	Date-Added = {2012-11-22 12:42:42 -0500},
	Date-Modified = {2012-11-22 12:42:42 -0500},
	Note = {R package version 1.0-3},
	Title = {fractal: Insightful Fractal Time Series Modeling and Analysis},
	Url = {http://CRAN.R-project.org/package=fractal},
	Year = {2010},
	Bdsk-Url-1 = {http://CRAN.R-project.org/package=fractal}}

@article{schroeder1991fractals,
	Author = {Schroeder, M. and Wiesenfeld, K.},
	Date-Added = {2012-11-22 12:42:42 -0500},
	Date-Modified = {2012-11-23 12:55:02 -0500},
	Journal = {Physics Today},
	Pages = {91},
	Title = {Fractals, Chaos, Power Laws: Minutes From an Infinite Paradise},
	Volume = {44},
	Year = {1991}}

@article{carlton1984futures,
	Author = {Carlton, D.W.},
	Date-Added = {2012-11-22 12:42:42 -0500},
	Date-Modified = {2012-11-23 12:55:56 -0500},
	Journal = {Journal of Futures Markets},
	Number = {3},
	Pages = {237--271},
	Publisher = {Wiley Online Library},
	Title = {Futures Markets: Their Purpose, Their History, Their Growth, Their Successes and Failures},
	Volume = {4},
	Year = {1984}}

@article{working1953futures,
	Author = {Working, H.},
	Date-Added = {2012-11-22 12:42:42 -0500},
	Date-Modified = {2012-11-23 12:56:29 -0500},
	Journal = {The American Economic Review},
	Number = {3},
	Pages = {314--343},
	Publisher = {JSTOR},
	Title = {Futures Trading and Hedging},
	Volume = {43},
	Year = {1953}}

@article{ropelewski1987global,
	Author = {Ropelewski, CF and Halpert, MS},
	Date-Added = {2012-11-22 12:42:42 -0500},
	Date-Modified = {2012-11-23 13:01:26 -0500},
	Journal = {Mon. Wea. Rev},
	Number = {8},
	Pages = {1606--1626},
	Title = {Global and Regional Scale Precipitation Patterns Associated With the {El Ni\~no}/{Southern Oscillation}},
	Volume = {115},
	Year = {1987}}

@article{bouma1997global,
	Author = {Bouma, MJ and Kovats, RS and Goubet, SA and Cox, J.S.H. and Haines, A.},
	Date-Added = {2012-11-22 12:42:42 -0500},
	Date-Modified = {2012-11-23 13:02:06 -0500},
	Journal = {The Lancet},
	Number = {9089},
	Pages = {1435--1438},
	Publisher = {Elsevier},
	Title = {Global Assessment of {El Ni\~no}'s Disaster Burden},
	Volume = {350},
	Year = {1997}}

@article{dai1998global,
	Author = {Dai, A. and Trenberth, K.E. and Karl, T.R. and others},
	Date-Added = {2012-11-22 12:42:42 -0500},
	Date-Modified = {2012-11-23 13:03:06 -0500},
	Journal = {Geophysical Research Letters},
	Number = {17},
	Pages = {3367--3370},
	Title = {Global Variations in Droughts and Wet Spells: 1900-1995},
	Volume = {25},
	Year = {1998}}

@book{sandor2012,
	Author = {Sandor, Richard},
	Date-Added = {2012-11-22 12:42:42 -0500},
	Date-Modified = {2012-11-22 12:42:42 -0500},
	Publisher = {John Wiley and Sons},
	Title = {Good Derivatives: A Story of Financial and Environmental Innovation},
	Year = {2012}}

@article{gillett2002linear,
	Author = {Gillett, N.P. and Allen, M.R. and McDonald, R.E. and Senior, C.A. and Shindell, D.T. and Schmidt, G.A.},
	Date-Added = {2012-11-22 12:42:42 -0500},
	Date-Modified = {2012-11-25 12:21:59 -0500},
	Journal = {Journal of Geophysical Research},
	Number = {10.1029},
	Pages = {233--248},
	Title = {How Linear is the {Arctic Oscillation} Response to Greenhouse Gases?},
	Volume = {107},
	Year = {2002}}

@article{mandelbrot1967long,
	Author = {Mandelbrot, B.},
	Date-Added = {2012-11-22 12:42:42 -0500},
	Date-Modified = {2012-11-25 12:04:36 -0500},
	Journal = {Science},
	Number = {3775},
	Pages = {636},
	Publisher = {American Association for the Advancement of Science},
	Title = {How Long is the Coast of {Britain}? Statistical Self-Similarity and Fractional Dimension},
	Volume = {156},
	Year = {1967}}

@inproceedings{king2005hurricane,
	Author = {King, R.O.},
	Booktitle = {Congressional Research Service Report for Congress, {Washington}, DC},
	Date-Added = {2012-11-22 12:42:42 -0500},
	Date-Modified = {2012-11-25 12:33:26 -0500},
	Title = {{Hurricane Katrina}: Insurance Losses and National Capacities For Financing Disaster Risk},
	Year = {2005}}

@periodical{ICEswitch,
	Author = {Weitzman, Hal},
	Date-Added = {2012-11-22 12:42:42 -0500},
	Date-Modified = {2012-11-25 12:37:01 -0500},
	Journal = {Financial Times},
	Title = {{ICE} Shifts {OTC} Energy Swaps to Futures},
	Volume = {July 31},
	Year = {2012}}

@article{hendon2000impact,
	Author = {Hendon, H.H.},
	Date-Added = {2012-11-22 12:42:42 -0500},
	Date-Modified = {2012-11-25 12:38:23 -0500},
	Journal = {Journal of the Atmospheric Sciences},
	Number = {24},
	Pages = {3939--3952},
	Title = {Impact of Air-Sea Coupling on the {Madden-Julian Oscillation} in a General Circulation Model},
	Volume = {57},
	Year = {2000}}

@article{pai2011impact,
	Author = {Pai, DS and Bhate, J. and Sreejith, OP and Hatwar, HR},
	Date-Added = {2012-11-22 12:42:42 -0500},
	Date-Modified = {2012-11-25 12:39:05 -0500},
	Journal = {Climate Dynamics},
	Number = {1},
	Pages = {41--55},
	Publisher = {Springer},
	Title = {Impact of {MJO} on the Intraseasonal Variation of Summer Monsoon Rainfall Over {India}},
	Volume = {36},
	Year = {2011}}

@inproceedings{wang2003incremental,
	Author = {Wang, T. and Boutilier, C.},
	Booktitle = {International Joint Conference on Artificial Intelligence},
	Date-Added = {2012-11-22 12:42:42 -0500},
	Date-Modified = {2012-11-25 12:39:57 -0500},
	Organization = {Citeseer},
	Pages = {309--318},
	Title = {Incremental Utility Elicitation With the Minimax Regret Decision Criterion},
	Volume = {18},
	Year = {2003}}

@article{case1993index,
	Author = {Case Jr, K.E. and Shiller, R.J. and Weiss, A.N.},
	Date-Added = {2012-11-22 12:42:42 -0500},
	Date-Modified = {2012-11-25 12:40:37 -0500},
	Journal = {The Journal of Portfolio Management},
	Number = {2},
	Pages = {83--92},
	Publisher = {Institutional Investor Journals},
	Title = {Index-Based Futures and Options Markets in Real Estate},
	Volume = {19},
	Year = {1993}}

@inproceedings{xue2002influences,
	Author = {Xue, Y. and Center, C.P. and Higgins, W. and Kousky, V.},
	Booktitle = {A Workshop on Prospects for Improved Forecasts of Weather and Short-term Climate Variability on Subseasonal Time Scales},
	Date-Added = {2012-11-22 12:42:42 -0500},
	Date-Modified = {2012-11-22 12:42:42 -0500},
	Month = {April},
	Organization = {NASA/Goddard Space Flight Center},
	Title = {Influences of the {Madden Julian Oscillations} on Temperature and Precipitation in {North America} during {ENSO}-Neutral and Weak {ENSO} Winters},
	Year = {2002}}

@article{silber1981innovation,
	Author = {Silber, W.L.},
	Date-Added = {2012-11-22 12:42:42 -0500},
	Date-Modified = {2012-11-25 12:42:13 -0500},
	Journal = {Journal of Futures Markets},
	Number = {2},
	Pages = {123--155},
	Publisher = {Wiley Online Library},
	Title = {Innovation, Competition, and New Contract Design in Futures Markets},
	Volume = {1},
	Year = {1981}}

@article{charpentier2008insurability,
	Author = {Charpentier, A.},
	Date-Added = {2012-11-22 12:42:42 -0500},
	Date-Modified = {2012-12-04 23:35:36 -0500},
	Journal = {The Geneva Papers on Risk and Insurance-Issues and Practice},
	Number = {1},
	Pages = {91--109},
	Publisher = {Nature Publishing Group},
	Title = {Insurability of Climate Risks},
	Volume = {33},
	Year = {2008}}

@article{linnerooth2006insurance,
	Author = {Linnerooth-Bayer, J. and Mechler, R.},
	Date-Added = {2012-11-22 12:42:42 -0500},
	Date-Modified = {2012-12-04 23:47:52 -0500},
	Journal = {Climate Policy},
	Number = {6},
	Pages = {621--636},
	Publisher = {Taylor \& Francis},
	Title = {Insurance for Assisting Adaptation to Climate Change in Developing Countries: A Proposed Strategy},
	Volume = {6},
	Year = {2006}}

@article{mills2005insurance,
	Author = {Mills, E.},
	Date-Added = {2012-11-22 12:42:42 -0500},
	Date-Modified = {2012-12-04 23:48:15 -0500},
	Journal = {Science},
	Number = {5737},
	Pages = {1040--1044},
	Publisher = {American Association for the Advancement of Science},
	Title = {Insurance in a Climate of Change},
	Volume = {309},
	Year = {2005}}

@article{higgins2001intercomparison,
	Author = {Higgins, RW and Shi, W.},
	Date-Added = {2012-11-22 12:42:42 -0500},
	Date-Modified = {2012-12-04 23:49:00 -0500},
	Journal = {Journal of Climate},
	Number = {3},
	Pages = {403--417},
	Title = {Intercomparison of the Principal Modes of Interannual and Intraseasonal Variability of the {North American} Monsoon System},
	Volume = {14},
	Year = {2001}}

@article{paegle2000intraseasonal,
	Author = {Paegle, J.N. and Byerle, L.A. and Mo, K.C.},
	Date-Added = {2012-11-22 12:42:42 -0500},
	Date-Modified = {2012-12-04 23:49:23 -0500},
	Journal = {Monthly Weather Review},
	Number = {3},
	Pages = {837--850},
	Title = {Intraseasonal Modulation of {South American} Summer Precipitation},
	Volume = {128},
	Year = {2000}}

@article{matthews2004intraseasonal,
	Author = {Matthews, A.J.},
	Date-Added = {2012-11-22 12:42:42 -0500},
	Date-Modified = {2012-12-04 23:50:08 -0500},
	Journal = {Journal of Climate},
	Number = {12},
	Pages = {2427--2440},
	Title = {Intraseasonal Variability Over Tropical {Africa} During Northern Summer},
	Volume = {17},
	Year = {2004}}

@article{pennings2001introducing,
	Author = {Pennings, J.M.E. and M Leuthold, R.},
	Date-Added = {2012-11-22 12:42:42 -0500},
	Date-Modified = {2012-12-04 23:50:46 -0500},
	Journal = {Journal of International Money and Finance},
	Number = {5},
	Pages = {659--675},
	Publisher = {Elsevier},
	Title = {Introducing New Futures Contracts: Reinforcement Versus Cannibalism},
	Volume = {20},
	Year = {2001}}

@book{kurtov2010investing,
	Date-Added = {2012-11-22 12:42:42 -0500},
	Date-Modified = {2013-06-04 11:59:19 -0400},
	Editor = {Kurtov, A.},
	Month = {June},
	Publisher = {Risk Books},
	Title = {Investing in Insurance Risk: Insurance-Linked Securities - A Practitioner's Perspective},
	Year = {2010}}

@inproceedings{planet2009,
	Address = {\url{http://www.npr.org/blogs/money/2009/08/podcast_where_financial_innova.html}},
	Author = {Katz, Matthew},
	Booktitle = {Planet Money Blog \url{http://www.npr.org/blogs/money/}},
	Date-Added = {2012-11-22 12:42:42 -0500},
	Date-Modified = {2012-12-04 23:51:34 -0500},
	Organization = {National Public Radio},
	Title = {Is Financial Innovation A Friend Or Foe?},
	Year = {2009}}

@article{bergfjord2007there,
	Author = {Bergfjord, O.J.},
	Date-Added = {2012-11-22 12:42:42 -0500},
	Date-Modified = {2012-12-04 23:52:27 -0500},
	Journal = {Aquaculture Economics \& Management},
	Number = {2},
	Pages = {113--132},
	Publisher = {Taylor \& Francis},
	Title = {Is There a Future for Salmon Futures? An Analysis of the Prospects of a Potential Futures Market for Salmon},
	Volume = {11},
	Year = {2007}}

@inproceedings{halpern2009iterated,
	Author = {Halpern, J.Y. and Pass, R.},
	Booktitle = {Proceedings of the 21st International Joint Conference on Artificial Intelligence (IJCAI-09)},
	Date-Added = {2012-11-22 12:42:42 -0500},
	Date-Modified = {2012-12-04 23:53:07 -0500},
	Pages = {153--158},
	Title = {Iterated Regret Minimization: A New Solution Concept},
	Year = {2009}}

@manual{plummer2003jags,
	Author = {Plummer, M.},
	Date-Added = {2012-11-22 12:42:42 -0500},
	Date-Modified = {2012-12-04 23:53:52 -0500},
	Title = {{JAGS}: A Program For Analysis of {Bayesian} Graphical Models Using {Gibbs} Sampling},
	Year = {2003}}

@book{shiller1994macro,
	Author = {Shiller, R.J.},
	Date-Added = {2012-11-22 12:42:42 -0500},
	Date-Modified = {2012-11-22 12:42:42 -0500},
	Publisher = {Clarendon Press},
	Title = {Macro Markets: Creating Institutions for Managing Society's Largest Economic Risks: Creating Institutions for Managing Society's Largest Economic Risks},
	Year = {1994}}

@webpage{abm2012mjo,
	Author = {{Australian Government - Bureau of Meteorology}},
	Bdsk-Url-1 = {http://www.bom.gov.au/climate/{MJO}/},
	Date-Added = {2012-11-22 12:42:42 -0500},
	Date-Modified = {2013-06-02 13:06:19 -0400},
	Lastchecked = {May 14, 2012},
	Title = {{Madden-Julian Oscillation}},
	Url = {http://www.bom.gov.au/climate/{MJO}/},
	Year = {2012},
	Bdsk-Url-2 = {http://www.bom.gov.au/climate/%7BMJO%7D/}}

@article{zhang2005madden,
	Author = {Zhang, C.},
	Date-Added = {2012-11-22 12:42:42 -0500},
	Date-Modified = {2012-12-04 23:56:47 -0500},
	Journal = {Reviwes of Geophysics},
	Number = {2},
	Pages = {1--36},
	Title = {{Madden-Julian Oscillation}},
	Volume = {43},
	Year = {2005}}

@book{lovitts2007making,
	Author = {Lovitts, B.E.},
	Date-Added = {2012-11-22 12:42:42 -0500},
	Date-Modified = {2012-12-04 23:57:58 -0500},
	Isbn = {9781579221812},
	Lccn = {2006031897},
	Publisher = {Stylus},
	Title = {Making the Implicit Explicit: Creating Performance Expectations for the Dissertation},
	Url = {http://books.google.com/books?id=vS7gowpyxMMC},
	Year = {2007},
	Bdsk-Url-1 = {http://books.google.com/books?id=vS7gowpyxMMC}}

@techreport{mello2012margins,
	Author = {Mello, A.S. and Reilly, J.E.},
	Date-Added = {2012-11-22 12:42:42 -0500},
	Date-Modified = {2013-06-02 13:05:25 -0400},
	Institution = {MIT's Center for Energy and Environmental Policy Research},
	Title = {Margins, Liquidity and the Cost of Hedging},
	Year = {2012}}

@article{takaya2005mechanisms,
	Author = {Takaya, K. and Nakamura, H.},
	Date-Added = {2012-11-22 12:42:42 -0500},
	Date-Modified = {2012-12-05 13:11:28 -0500},
	Journal = {Journal of the Atmospheric Sciences},
	Number = {12},
	Pages = {4423--4440},
	Title = {Mechanisms of Intraseasonal Amplification of the Cold {Siberian High}},
	Volume = {62},
	Year = {2005}}

@electronic{noaa2011,
	Author = {Klein, J. and Lasorsa, B. and Cohen, M.},
	Bdsk-Url-1 = {http://www.erh.{NOAA}.gov/lwx/winter/DC-Winters.htm},
	Date-Added = {2012-11-22 12:42:42 -0500},
	Date-Modified = {2012-12-05 22:09:46 -0500},
	Institution = {National Weather Service and National Oceanic and Atmospheric Adminstration},
	Lastchecked = {May 8, 2012},
	Month = {Jan},
	Title = {Mid-{Atlantic} Winters},
	Url = {http://www.erh.{NOAA}.gov/lwx/winter/DC-Winters.htm},
	Year = {2011},
	Bdsk-Url-2 = {http://www.erh.%7BNOAA%7D.gov/lwx/winter/DC-Winters.htm}}

@inproceedings{braziunas2007minimax,
	Author = {Braziunas, D. and Boutilier, C.},
	Booktitle = {Proceedings of the Twenty-third Conference on Uncertainty in Artificial Intelligence (UAI-07)},
	Date-Added = {2012-11-22 12:42:42 -0500},
	Date-Modified = {2012-12-05 13:13:29 -0500},
	Title = {Minimax Regret-Based Elicitation of Generalized Additive Utilities},
	Year = {2007}}

@article{maloney2000modulation,
	Author = {Maloney, E.D. and Hartmann, D.L.},
	Date-Added = {2012-11-22 12:42:42 -0500},
	Date-Modified = {2012-12-05 13:13:55 -0500},
	Journal = {Journal of Climate},
	Number = {9},
	Pages = {1451--1460},
	Title = {Modulation of Eastern {North} {Pacific} Hurricanes by the {Madden-Julian Oscillation}},
	Volume = {13},
	Year = {2000}}

@article{sui1992multiscale,
	Author = {Sui, CH and Lau, KM},
	Date-Added = {2012-11-22 12:42:42 -0500},
	Date-Modified = {2012-12-05 13:14:40 -0500},
	Journal = {Monthly Weather Review},
	Number = {3},
	Pages = {407--430},
	Title = {Multiscale Phenomena in the Tropical Atmosphere Over the {Western} {Pacific}},
	Volume = {120},
	Year = {1992}}

@article{sponberg1999navigating,
	Author = {Sponberg, K.},
	Date-Added = {2012-11-22 12:42:42 -0500},
	Date-Modified = {2012-12-05 13:15:07 -0500},
	Journal = {Compendium of Climatological Impacts, University Corporation for Atmospheric Research},
	Title = {Navigating the Numbers of Climatological Impact},
	Volume = {1},
	Year = {1999}}

@book{masters1995neural,
	Author = {Masters, T.},
	Date-Added = {2012-11-22 12:42:42 -0500},
	Date-Modified = {2012-12-05 13:16:12 -0500},
	Publisher = {John Wiley \& Sons},
	Title = {Neural, Novel \& Hybrid Algorithms for Time Series Prediction},
	Year = {1995}}

@electronic{gottschalck2005madden,
	Author = {Gottschalck, J. and Kousky, V. and Higgins, W. and L'Heureux, M.},
	Bdsk-Url-1 = {http://www.cpc.ncep.{NOAA}.gov/products/precip/CWlink/{MJO}/{MJO}%5C_summary.pdf},
	Date-Added = {2012-11-22 12:42:42 -0500},
	Date-Modified = {2012-11-22 12:42:42 -0500},
	Howpublished = {electronic},
	Title = {{NOAA}: {Madden Julian Oscillation} ({MJO})},
	Url = {http://www.cpc.ncep.{NOAA}.gov/products/precip/CWlink/{MJO}/{MJO}\_summary.pdf},
	Year = {2005},
	Bdsk-Url-2 = {http://www.cpc.ncep.%7BNOAA%7D.gov/products/precip/CWlink/%7BMJO%7D/%7BMJO%7D%5C_summary.pdf}}

@article{mcafee2008northern,
	Author = {McAfee, S.A. and Russell, J.L.},
	Date-Added = {2012-11-22 12:42:42 -0500},
	Date-Modified = {2012-12-05 13:17:07 -0500},
	Journal = {Geophysical Research Letters},
	Number = {L17701},
	Pages = {10--1029},
	Publisher = {American Geophysical Union},
	Title = {{Northern Annular Mode} Impact on Spring Climate in the Western {United States}},
	Volume = {35},
	Year = {2008}}

@article{seager2010northern,
	Author = {Seager, R. and Kushnir, Y. and Nakamura, J. and Ting, M. and Naik, N.},
	Date-Added = {2012-11-22 12:42:42 -0500},
	Date-Modified = {2012-12-05 13:18:00 -0500},
	Journal = {Geophysical Research Letters},
	Number = {6},
	Publisher = {American Geophysical Union},
	Title = {{Northern Hemisphere} Winter Snow Anomalies: {ENSO}, {NAO} and the Winter of 2009/10},
	Volume = {37},
	Year = {2010}}

@book{thaler2008nudge,
	Author = {Thaler, R.H. and Sunstein, C.R.},
	Date-Added = {2012-11-22 12:42:42 -0500},
	Date-Modified = {2012-12-05 13:18:37 -0500},
	Publisher = {Yale University Press},
	Title = {Nudge: Improving Decisions About Health, Wealth, and Happiness},
	Year = {2008}}

@article{tashjian1995optimal,
	Author = {Tashjian, E.},
	Date-Added = {2012-11-22 12:42:42 -0500},
	Date-Modified = {2012-12-05 13:19:03 -0500},
	Journal = {The Quarterly Review of Economics and Finance},
	Number = {2},
	Pages = {153--162},
	Publisher = {Elsevier},
	Title = {Optimal Futures Contract Design},
	Volume = {35},
	Year = {1995}}

@article{duffie1989optimal,
	Author = {Duffie, D. and Jackson, M.O.},
	Date-Added = {2012-11-22 12:42:42 -0500},
	Date-Modified = {2012-12-05 22:10:08 -0500},
	Journal = {Review of Financial Studies},
	Number = {3},
	Pages = {275--296},
	Title = {Optimal Innovation of Futures Contracts},
	Volume = {2},
	Year = {1989}}

@techreport{Davis2001,
	Author = {Davis, D.},
	Date-Added = {2012-11-22 12:42:42 -0500},
	Date-Modified = {2012-11-22 12:42:42 -0500},
	Howpublished = {\url{http://www.columbia.edu/~drd28/Thesis%20Research.pdf}},
	Institution = {Department of Economics, Columbia University},
	Title = {Ph.D. Thesis Research: Where do I Start?},
	Year = {2001}}

@book{rebonato2007plight,
	Author = {Rebonato, R.},
	Date-Added = {2012-11-22 12:42:42 -0500},
	Date-Modified = {2012-12-05 13:22:57 -0500},
	Publisher = {Princeton Univ Pr},
	Title = {Plight of the Fortune Tellers: Why We Need to Manage Financial Risk Differently},
	Year = {2007}}

@article{raible2004precipitation,
	Author = {Raible, C.C. and Luksch, U. and Fraedrich, K.},
	Date-Added = {2012-11-22 12:42:42 -0500},
	Date-Modified = {2012-12-05 13:23:20 -0500},
	Journal = {Atmospheric Science Letters},
	Number = {1-4},
	Pages = {43--55},
	Publisher = {Wiley Online Library},
	Title = {Precipitation and {Northern Hemisphere} Regimes},
	Volume = {5},
	Year = {2004}}

@article{ropelewski1989precipitation,
	Author = {Ropelewski, CF and Halpert, MS},
	Date-Added = {2012-11-22 12:42:42 -0500},
	Date-Modified = {2012-12-05 15:30:41 -0500},
	Journal = {Journal of Climate},
	Pages = {268--284},
	Title = {Precipitation Patterns Associated with the High Index Phase of the {Southern Oscillation}.},
	Volume = {2},
	Year = {1989}}

@book{cesa2006prediction,
	Author = {Cesa-Bianchi, N. and Lugosi, G.},
	Date-Added = {2012-11-22 12:42:42 -0500},
	Date-Modified = {2012-12-05 15:31:34 -0500},
	Isbn = {9780521841085},
	Lccn = {2005034788},
	Publisher = {Cambridge University Press},
	Title = {Prediction, Learning, and Games},
	Url = {http://books.google.com/books?id=zDnRBlazhfYC},
	Year = {2006},
	Bdsk-Url-1 = {http://books.google.com/books?id=zDnRBlazhfYC}}

@article{slovic1977preference,
	Author = {Slovic, P. and Fischhoff, B. and Lichtenstein, S. and Corrigan, B. and Combs, B.},
	Date-Added = {2012-11-22 12:42:42 -0500},
	Date-Modified = {2012-12-05 15:32:29 -0500},
	Journal = {Journal of Risk and Insurance},
	Pages = {237--258},
	Publisher = {JSTOR},
	Title = {Preference for Insuring Against Probable Small Losses: Insurance Implications},
	Year = {1977}}

@electronic{cmepress2012,
	Author = {{CME Group}},
	Date-Added = {2012-11-22 12:42:42 -0500},
	Date-Modified = {2012-11-22 12:42:42 -0500},
	Lastchecked = {November 16, 2012},
	Month = {October},
	Note = {Thanks to Silla Brush of Bloomberg for directing us to this press release},
	Title = {Press Release: {CME Group} Volume Averaged 11.9 Million Contracts per Day in September 2012, Up 16 Percent from August 2012},
	Url = {http://investor.cmegroup.com/investor-relations/releasedetail.cfm?ReleaseID=710622},
	Year = {2012},
	Bdsk-Url-1 = {http://investor.cmegroup.com/investor-relations/releasedetail.cfm?ReleaseID=710622}}

@techreport{Rashid2010,
	Author = {Shahidur Rashid and Alex Winter-Nelson and Philip Garcia},
	Date-Added = {2012-11-22 12:42:42 -0500},
	Date-Modified = {2012-11-22 12:42:42 -0500},
	Institution = {International Food Policy Research Institute},
	Month = {November},
	Title = {Purpose and Potential for Commodity Exchanges in {African} Economies},
	Year = {2010}}

@article{coughlin2001qbo,
	Author = {Coughlin, K. and Tung, K.K.},
	Date-Added = {2012-11-22 12:42:42 -0500},
	Date-Modified = {2012-12-05 15:35:02 -0500},
	Journal = {Geophysical Research Letters},
	Number = {24},
	Pages = {4563--4566},
	Title = {{QBO} Signal Found at the Extratropical Surface Through {Northern Annular Modes}},
	Volume = {28},
	Year = {2001}}

@article{malone2009quasi,
	Author = {Malone, RW and Meek, DW and Hatfield, JL and Mann, ME and Jaquis, RJ and Ma, L.},
	Date-Added = {2012-11-22 12:42:42 -0500},
	Date-Modified = {2012-12-05 15:35:59 -0500},
	Journal = {Agricultural and Forest Meteorology},
	Number = {6-7},
	Pages = {1087--1094},
	Publisher = {Elsevier},
	Title = {{Quasi-Biennial} Corn Yield Cycles in {Iowa}},
	Volume = {149},
	Year = {2009}}

@article{klotzbach2007recent,
	Author = {Klotzbach, P.J.},
	Journal = {Tellus A},
	Number = {4},
	Pages = {511--518},
	Title = {Recent developments in statistical prediction of seasonal {Atlantic} basin tropical cyclone activity},
	Volume = {59},
	Year = {2007}}

@article{kessler2000rectification,
	Author = {Kessler, W.S. and Kleeman, R.},
	Date-Added = {2012-11-22 12:42:42 -0500},
	Date-Modified = {2012-12-05 15:39:56 -0500},
	Journal = {Journal of Climate},
	Number = {20},
	Pages = {3560--3575},
	Title = {Rectification of the {Madden-Julian Oscillation} into the {ENSO} Cycle},
	Volume = {13},
	Year = {2000}}

@inproceedings{hyafil2004regret,
	Author = {Hyafil, N. and Boutilier, C.},
	Booktitle = {Proceedings of the 20th Conference on Uncertainty in Artificial Intelligence},
	Date-Added = {2012-11-22 12:42:42 -0500},
	Date-Modified = {2012-12-05 15:42:00 -0500},
	Organization = {AUAI Press},
	Pages = {268--277},
	Title = {Regret Minimizing Equilibria and Mechanisms for Games with Strict Type Uncertainty},
	Year = {2004}}

@inproceedings{boutilier2005regret,
	Author = {Boutilier, C. and Patrascu, R. and Poupart, P. and Schuurmans, D.},
	Booktitle = {Proceedings of the Nineteenth International Joint Conference on Artificial Intelligence},
	Date-Added = {2012-11-22 12:42:42 -0500},
	Date-Modified = {2012-12-05 15:43:41 -0500},
	Organization = {Citeseer},
	Pages = {929--934},
	Title = {Regret-based Utility Elicitation in Constraint-based Decision Problems},
	Year = {2005}}

@techreport{IAIS2011,
	Author = {IAIS},
	Date-Added = {2012-11-22 12:42:42 -0500},
	Date-Modified = {2012-11-22 12:42:42 -0500},
	Institution = {International Association of Insurance Supervisors (IAIS)},
	Month = {November},
	Title = {Reinsurance and Financial Stability},
	Type = {policy paper},
	Year = {2011}}

@techreport{IAIS2012,
	Author = {IAIS},
	Date-Added = {2012-11-22 12:42:42 -0500},
	Date-Modified = {2012-11-22 12:42:42 -0500},
	Institution = {International Association of Insurance Supervisors (IAIS)},
	Month = {July},
	Title = {Reinsurance and Financial Stability},
	Type = {policy paper},
	Year = {2012}}

@article{ogallo1988relationships,
	Author = {Ogallo, LJ},
	Date-Added = {2012-11-22 12:42:42 -0500},
	Date-Modified = {2013-06-21 14:57:09 -0400},
	Journal = {Journal of Climatology},
	Number = {1},
	Pages = {31--43},
	Publisher = {Wiley Online Library},
	Title = {Relationships Between Seasonal Rainfall in {East Africa} and the {Southern Oscillation}},
	Volume = {8},
	Year = {1988}}

@article{johnston1989requiem,
	Author = {Johnston, E.T. and McConnell, J.J.},
	Date-Added = {2012-11-22 12:42:42 -0500},
	Date-Modified = {2012-12-05 15:45:52 -0500},
	Journal = {Review of Financial Studies},
	Number = {1},
	Pages = {1--23},
	Publisher = {Soc Financial Studies},
	Title = {Requiem for a Market: An Analysis of the Rise and Fall of a Financial Futures Contract},
	Volume = {2},
	Year = {1989}}

@article{camargo2010revisiting,
	Author = {Camargo, S.J. and Sobel, A.H.},
	Date-Added = {2012-11-22 12:42:42 -0500},
	Date-Modified = {2012-12-05 15:46:55 -0500},
	Journal = {Journal of Climate},
	Number = {21},
	Pages = {5810--5825},
	Title = {Revisiting the Influence of the {Quasi-Biennial Oscillation} on Tropical Cyclone Activity},
	Volume = {23},
	Year = {2010}}

@conference{econ2011rosenberg,
	Author = {Alex Rosenberg},
	Booktitle = {EconTalk Podcast},
	Date-Added = {2012-11-22 12:42:42 -0500},
	Date-Modified = {2012-11-22 12:42:42 -0500},
	Editor = {Russ Roberts},
	Organization = {Library of Economics and Liberty},
	Title = {Rosenberg on the Nature of Economics},
	Year = {{September 26, 2011}}}

@article{janicot1996sahel,
	Author = {Janicot, S. and Moron, V. and Fontaine, B.},
	Date-Added = {2012-11-22 12:42:42 -0500},
	Date-Modified = {2012-12-05 15:48:19 -0500},
	Journal = {Geophysical Research Letters},
	Number = {5},
	Pages = {515--518},
	Title = {{Sahel} Droughts and {ENSO} Dynamics},
	Volume = {23},
	Year = {1996}}

@article{lorenz1951seasonal,
	Author = {Lorenz, E.N.},
	Date-Added = {2012-11-22 12:42:42 -0500},
	Date-Modified = {2012-12-05 15:48:51 -0500},
	Journal = {Journal of Atmospheric Sciences},
	Pages = {52--59},
	Title = {Seasonal and Irregular Variations of the {Northern Hemisphere} Sea-level Pressure Profile.},
	Volume = {8},
	Year = {1951}}

@article{charlton2004sensitivity,
	Author = {Charlton, A.J. and O'neill, A. and Lahoz, WA and Massacand, AC},
	Date-Added = {2012-11-22 12:42:42 -0500},
	Date-Modified = {2012-12-05 15:50:52 -0500},
	Journal = {Quarterly Journal of the Royal Meteorological Society},
	Number = {600},
	Pages = {1771--1792},
	Publisher = {Wiley Online Library},
	Title = {Sensitivity of Tropospheric Forecasts to Stratospheric Initial Conditions},
	Volume = {130},
	Year = {2004}}

@article{shindell1999simulation,
	Author = {Shindell, D.T. and Miller, R.L. and Schmidt, G.A. and Pandolfo, L.},
	Date-Added = {2012-11-22 12:42:42 -0500},
	Date-Modified = {2012-12-05 15:52:06 -0500},
	Journal = {Nature},
	Number = {6735},
	Pages = {452--455},
	Publisher = {Nature Publishing Group},
	Title = {Simulation of Recent Northern Winter Climate Trends by Greenhouse-Gas Forcing},
	Volume = {399},
	Year = {1999}}

@article{waylen1990spatial,
	Author = {Waylen, P.R.},
	Date-Added = {2012-11-22 12:42:42 -0500},
	Date-Modified = {2013-06-18 13:02:13 -0400},
	Journal = {Hydological Sciences Journal},
	Number = {429-447},
	Title = {Spatial Variability of Annual Precipitation and {ENSO} Events in Western {Peru}},
	Volume = {35},
	Year = {1990}}

@article{zhang2002sst,
	Author = {Zhang, C. and Gottschalck, J.},
	Date-Added = {2012-11-22 12:42:42 -0500},
	Date-Modified = {2012-11-22 12:42:42 -0500},
	Journal = {Journal of Climate},
	Number = {17},
	Pages = {2429--2445},
	Title = {{SST} Anomalies of {ENSO} and the {Madden-Julian Oscillation} in the Equatorial {Pacific}},
	Volume = {15},
	Year = {2002}}

@electronic{stateofclimatefeb2010,
	Author = {National Oceanic and Atmospheric Administration},
	Bdsk-Url-1 = {http://www.ncdc.{NOAA}.gov/s{OTC}/snow/2010/2},
	Date-Added = {2012-11-22 12:42:42 -0500},
	Date-Modified = {2012-12-05 16:07:08 -0500},
	Lastchecked = {April 28, 2012},
	Month = {February},
	Title = {State of the Climate: National Snow and Ice},
	Url = {http://www.ncdc.{NOAA}.gov/s{OTC}/snow/2010/2},
	Year = {2010},
	Bdsk-Url-2 = {http://www.ncdc.%7BNOAA%7D.gov/s%7BOTC%7D/snow/2010/2}}

@article{wilson1999statistical,
	Author = {Wilson, R.M.},
	Date-Added = {2012-11-22 12:42:42 -0500},
	Date-Modified = {2012-12-05 16:10:10 -0500},
	Journal = {Geophysical Research Letters},
	Number = {19},
	Pages = {2957--2960},
	Title = {Statistical Aspects of Major (Intense) Hurricanes in the {Atlantic} Basin During the Past 49 Hurricane Seasons (1950-1998): Implications for the current season},
	Volume = {26},
	Year = {1999}}

@electronic{bis2012,
	Author = {{Bank of International Settlements}},
	Bdsk-Url-1 = {http://www.bis.org/publ/{OTC}_hy1211.pdf},
	Date-Added = {2012-11-22 12:42:42 -0500},
	Date-Modified = {2012-12-05 16:10:33 -0500},
	Lastchecked = {November 16, 2012},
	Month = {June},
	Title = {Statistical Release: {OTC} Derivatives Statistics at End-June 2012},
	Url = {http://www.bis.org/publ/{OTC}_hy1211.pdf},
	Year = {2012},
	Bdsk-Url-2 = {http://www.bis.org/publ/%7BOTC%7D_hy1211.pdf}}

@article{thompson2002stratospheric,
	Author = {Thompson, D.W.J. and Baldwin, M.P. and Wallace, J.M.},
	Date-Added = {2012-11-22 12:42:42 -0500},
	Date-Modified = {2012-12-05 16:11:18 -0500},
	Journal = {Journal of Climate},
	Number = {12},
	Pages = {1421--1428},
	Title = {Stratospheric Connection to {Northern Hemisphere} Wintertime Weather: Implications for Prediction},
	Volume = {15},
	Year = {2002}}

@article{baldwin2003stratospheric,
	Author = {Baldwin, M.P. and Stephenson, D.B. and Thompson, D.W.J. and Dunkerton, T.J. and Charlton, A.J. and O'Neill, A.},
	Date-Added = {2012-11-22 12:42:42 -0500},
	Date-Modified = {2013-07-30 10:04:43 -0400},
	Journal = {Science},
	Number = {5633},
	Pages = {636--640},
	Publisher = {American Association for the Advancement of Science},
	Title = {Stratospheric Memory and Skill of Extended-Range Weather Forecasts},
	Volume = {301},
	Year = {2003}}

@article{liebmann2004subseasonal,
	Author = {Liebmann, B. and Kiladis, G.N. and Vera, C.S. and Saulo, A.C. and Carvalho, L.M.V.},
	Date-Added = {2012-11-22 12:42:42 -0500},
	Date-Modified = {2012-12-05 16:12:58 -0500},
	Journal = {Journal of Climate},
	Number = {19},
	Pages = {3829--3842},
	Title = {Subseasonal Variations of Rainfall in {South America} in the Vicinity of the Low-level Jet East of the {Andes} and Comparison to Those in the {South Atlantic Convergence Zone}},
	Volume = {17},
	Year = {2004}}

@article{brorsen2001success,
	Author = {Brorsen, B.W. and Fofana, NF and others},
	Date-Added = {2012-11-22 12:42:42 -0500},
	Date-Modified = {2012-12-05 16:14:17 -0500},
	Journal = {Journal of Agribusiness},
	Number = {2},
	Pages = {129--146},
	Publisher = {The Agricultural Economics Association of Georgia},
	Title = {Success and Failure of Agricultural Futures Contracts},
	Volume = {19},
	Year = {2001}}

@article{black1986success,
	Author = {Black, D.G. and New York University. Graduate School of Business Administration. Salomon Brothers Center for the Study of Financial Institutions},
	Date-Added = {2012-11-22 12:42:42 -0500},
	Date-Modified = {2012-12-05 16:14:57 -0500},
	Journal = {New York},
	Title = {Success and Failure of Futures Contracts: Theory and Empirical Evidence},
	Year = {1986}}

@article{janicot2001summer,
	Author = {Janicot, S. and Trzaska, S. and Poccard, I.},
	Date-Added = {2012-11-22 12:42:42 -0500},
	Date-Modified = {2012-12-05 16:16:44 -0500},
	Journal = {Climate Dynamics},
	Number = {3},
	Pages = {303--320},
	Publisher = {Springer},
	Title = {Summer {Sahel}-{ENSO} Teleconnection and Decadal Time Scale {SST} Variations},
	Volume = {18},
	Year = {2001}}

@electronic{tesfatsion2009syllabus,
	Author = {Tesfatsion, Leigh},
	Date-Added = {2012-11-22 12:42:42 -0500},
	Date-Modified = {2012-12-05 16:19:09 -0500},
	Title = {Syllabus for Economics 308 Agent-Based Computational Economics (ACE): Growing Economies from the Bottom Up},
	Url = {http://www2.econ.iastate.edu/classes/econ308/tesfatsion/syl308.htm#Intro},
	Urldate = {4 April 2011},
	Bdsk-Url-1 = {http://www2.econ.iastate.edu/classes/econ308/tesfatsion/syl308.htm#Intro}}

@book{glantz1991teleconnections,
	Author = {Glantz, M.H. and Katz, R.W. and Nicholls, N.},
	Date-Added = {2012-11-22 12:42:42 -0500},
	Date-Modified = {2012-11-22 12:42:42 -0500},
	Publisher = {Cambridge, UK},
	Title = {Teleconnections Linking Worldwide Climate Anomalies.},
	Year = {1991}}

@article{foltz200430,
	Author = {Foltz, G.R. and McPhaden, M.J.},
	Date-Added = {2012-11-22 12:42:42 -0500},
	Date-Modified = {2012-12-05 16:21:42 -0500},
	Journal = {Geophysical Research Letters},
	Title = {The 30-70 Day Oscillations in the Tropical {Atlantic}.},
	Volume = {31},
	Year = {2004}}

@article{thompson1998arctic,
	Author = {Thompson, D.W.J. and Wallace, J.M.},
	Date-Added = {2012-11-22 12:42:42 -0500},
	Date-Modified = {2012-12-05 16:23:13 -0500},
	Journal = {Geophysical Research Letters},
	Number = {9},
	Pages = {1297--1300},
	Publisher = {AGU AMERICAN GEOPHYSICAL UNION},
	Title = {The {Arctic Oscillation} Signature in the Wintertime Geopotential Height and Temperature Fields},
	Volume = {25},
	Year = {1998}}

@book{taleb2011black,
	Author = {Taleb, N.N.},
	Date-Added = {2012-11-22 12:42:42 -0500},
	Date-Modified = {2012-12-05 16:25:16 -0500},
	Publisher = {Random House of Canada},
	Title = {The Black Swan: The Impact of the Highly Improbable},
	Year = {2011}}

@article{lawrence2002boreal,
	Author = {Lawrence, D.M. and Webster, P.J.},
	Date-Added = {2012-11-22 12:42:42 -0500},
	Date-Modified = {2012-12-05 16:26:35 -0500},
	Journal = {Journal of the Atmospheric Sciences},
	Number = {9},
	Pages = {1593--1606},
	Title = {The Boreal Summer Intraseasonal Oscillation: Relationship Between Northward and Eastward Movement of Convection},
	Volume = {59},
	Year = {2002}}

@book{lo2010evolution,
	Author = {A.W. Lo and J. Hasanhodzic},
	Date-Added = {2012-11-22 12:42:42 -0500},
	Date-Modified = {2012-11-22 12:42:42 -0500},
	Isbn = {9781576603499},
	Lccn = {2010019276},
	Publisher = {John Wiley \& Sons},
	Series = {Bloomberg Series},
	Title = {{The Evolution of Technical Analysis: Financial Prediction from Babylonian Tablets to Bloomberg Terminals}},
	Url = {http://books.google.com/books?id=HMR_YTo3l2AC},
	Year = {2010},
	Bdsk-Url-1 = {http://books.google.com/books?id=HMR_YTo3l2AC}}

@article{tversky1981framing,
	Author = {Tversky, A. and Kahneman, D. and others},
	Date-Added = {2012-11-22 12:42:42 -0500},
	Date-Modified = {2012-12-05 16:29:54 -0500},
	Journal = {Science},
	Number = {4481},
	Pages = {453--458},
	Title = {The Framing of Decisions and the Psychology of Choice},
	Volume = {211},
	Year = {1981}}

@article{cuny1993role,
	Author = {Cuny, C.J.},
	Date-Added = {2012-11-22 12:42:42 -0500},
	Date-Modified = {2012-12-05 16:54:22 -0500},
	Journal = {Review of Financial Studies},
	Number = {1},
	Pages = {57--78},
	Publisher = {Soc Financial Studies},
	Title = {The Role of Liquidity in Futures Market Innovations},
	Volume = {6},
	Year = {1993}}

@book{kahneman2011thinking,
	Author = {Kahneman, D.},
	Date-Added = {2012-11-22 12:42:42 -0500},
	Date-Modified = {2012-12-05 16:56:08 -0500},
	Publisher = {Farrar, Straus and Giroux},
	Title = {Thinking, Fast and Slow},
	Year = {2011}}

@article{shiller2000oped,
	Author = {Shiller, R.J.},
	Date-Added = {2012-11-22 12:42:42 -0500},
	Date-Modified = {2012-11-22 12:42:42 -0500},
	Journal = {The New York Times},
	Title = {Wealthy Market? Yes. Healthy? Wise? No.},
	Year = {{Sunday, April 30, 2000}}}

@book{bolker1998writing,
	Author = {Bolker, J.},
	Date-Added = {2012-11-22 12:42:42 -0500},
	Date-Modified = {2012-12-05 17:03:36 -0500},
	Isbn = {9780805048919},
	Lccn = {98005262},
	Publisher = {H. Holt},
	Series = {Owl Books},
	Title = {Writing Your Dissertation in Fifteen Minutes a Day: A Guide to Starting, Revising, and Finishing Your Doctoral Thesis},
	Url = {http://books.google.com/books?id=q5bGvErV1lgC},
	Year = {1998},
	Bdsk-Url-1 = {http://books.google.com/books?id=q5bGvErV1lgC}}

@article{suplee1999nino,
	Author = {Suplee, C.},
	Date-Added = {2012-07-20 18:55:16 -0400},
	Date-Modified = {2012-11-22 12:10:43 -0500},
	Journal = {National Geographic},
	Number = {3},
	Pages = {72--95},
	Title = {{El Ni\~no}/{La Ni\~na}: Nature's Vicious Cycle},
	Volume = {195},
	Year = {1999}}

@article{barnston1997documentation,
	Author = {Barnston, A.G. and Chelliah, M. and Goldenberg, S.B.},
	Date-Added = {2012-07-20 16:37:29 -0400},
	Date-Modified = {2012-11-22 12:06:43 -0500},
	Journal = {Atmosphere Ocean},
	Number = {3},
	Pages = {367},
	Publisher = {Ottawa, Ont.: Canadian Meteorological and Oceanographic Society, 1976-},
	Title = {Documentation of a Highly {ENSO}-Related {SST} Region in the Equatorial {Pacific}},
	Volume = {35},
	Year = {1997}}

@book{gelman2007data,
	Author = {Gelman, A. and Hill, J.},
	Date-Added = {2012-07-20 11:41:11 -0400},
	Date-Modified = {2012-11-21 18:42:45 -0500},
	Publisher = {Cambridge University Press New York},
	Title = {Data Analysis Using Regression and Multilevel/Hierarchical Models},
	Volume = {1},
	Year = {2007}}

@article{murty20001997,
	Author = {Murty, TS and Scott, D. and Baird, W.},
	Date-Added = {2012-07-06 19:12:25 -0400},
	Date-Modified = {2012-12-05 16:20:48 -0500},
	Journal = {Natural Hazards},
	Number = {2},
	Pages = {131--144},
	Publisher = {Springer},
	Title = {The 1997 {El Ni\~no}, {Indonesian} Forest Fires and the {Malaysian} Smoke Problem: A Deadly Combination of Natural and Man-Made Hazard},
	Volume = {21},
	Year = {2000}}

@article{simpson1993annual,
	Author = {Simpson, H.J. and Cane, M.A. and Herczeg, A.L. and Zebiak, S.E. and Simpson, J.H.},
	Date-Added = {2012-07-06 19:11:42 -0400},
	Date-Modified = {2012-10-30 14:51:31 -0400},
	Journal = {Water Resources Research},
	Number = {11},
	Pages = {3671--3680},
	Title = {Annual River Discharge in Southeastern {Australia} Related to {El Ni\~no}-{Southern Oscillation} Forecasts of Sea Surface Temperatures},
	Volume = {29},
	Year = {1993}}

@article{chiew1998nino,
	Author = {Chiew, FHS and Piechota, T.C. and Dracup, JA and McMahon, TA},
	Date-Added = {2012-07-06 19:10:09 -0400},
	Date-Modified = {2012-11-22 13:09:26 -0500},
	Journal = {Journal of Hydrology},
	Number = {1},
	Pages = {138--149},
	Publisher = {Elsevier},
	Title = {{El Ni\~no}/{Southern Oscillation} and {Australian} Rainfall, Streamflow and Drought: Links and Potential for Forecasting},
	Volume = {204},
	Year = {1998}}

@article{hastenrath2006circulation,
	Author = {Hastenrath, S.},
	Date-Added = {2012-07-06 18:44:13 -0400},
	Date-Modified = {2012-11-21 18:31:57 -0500},
	Journal = {Progress in Oceanography},
	Number = {2-4},
	Pages = {407--415},
	Publisher = {Elsevier},
	Title = {Circulation and Teleconnection Mechanisms of Northeast {Brazil} Droughts},
	Volume = {70},
	Year = {2006}}

@article{stige2006effect,
	Author = {Stige, L.C. and Stave, J. and Chan, K.S. and Ciannelli, L. and Pettorelli, N. and Glantz, M. and Herren, H.R. and Stenseth, N.C.},
	Date-Added = {2012-07-06 18:32:26 -0400},
	Date-Modified = {2012-12-05 16:28:48 -0500},
	Journal = {Proceedings of the National Academy of Sciences of the {United States of America}},
	Number = {9},
	Pages = {3049--3053},
	Publisher = {National Academy of Sciences},
	Title = {The Effect of Climate Variation on Agro-Pastoral Production in {Africa}},
	Volume = {103},
	Year = {2006}}

@article{nicholson2000influence,
	Author = {Nicholson, SE and Selato, JC and others},
	Date-Added = {2012-07-06 18:30:33 -0400},
	Date-Modified = {2012-12-05 16:44:51 -0500},
	Journal = {International Journal of Climatology},
	Number = {14},
	Pages = {1761--1776},
	Title = {The Influence of {La Ni\~na} on {African} Rainfall},
	Volume = {20},
	Year = {2000}}

@article{khalil2007nino,
	Author = {Khalil, A.F. and Kwon, H. and Lall, U. and Miranda, M.J. and Skees, J.},
	Date-Added = {2012-07-06 18:16:41 -0400},
	Date-Modified = {2012-11-22 13:10:35 -0500},
	Journal = {Water Resources Research},
	Number = {10},
	Pages = {10416},
	Publisher = {AGU AMERICAN GEOPHYSICAL UNION},
	Title = {{El Ni\~no}-{Southern Oscillation}-based Index Insurance for Floods: Statistical Risk Analyses and Application to {Peru}},
	Volume = {43},
	Year = {2007}}

@article{rasmusson1982variations,
	Author = {Rasmusson, E.M. and Carpenter, T.H.},
	Date-Added = {2012-07-06 17:08:48 -0400},
	Date-Modified = {2012-12-05 16:59:56 -0500},
	Journal = {Monthly Weather Review},
	Number = {5},
	Pages = {354--384},
	Title = {Variations in Tropical Sea Surface Temperature and Surface Wind Fields Associated with the {Southern Oscillation}/{El Ni\~no}},
	Volume = {110},
	Year = {1982}}

@article{pielke1999nina,
	Author = {Pielke Jr, R.A. and Landsea, C.N.},
	Date-Added = {2012-07-06 16:14:53 -0400},
	Date-Modified = {2012-12-04 23:54:12 -0500},
	Journal = {Bulletin of the American Meteorological Society},
	Number = {10},
	Pages = {2027--2034},
	Title = {{La Ni\~na}, {El Ni\~no}, and {Atlantic} Hurricane Damages in the {United States}},
	Volume = {80},
	Year = {1999}}

@article{goldenberg1996physical,
	Author = {Goldenberg, S.B. and Shapiro, L.J.},
	Date-Added = {2012-07-06 16:14:07 -0400},
	Date-Modified = {2012-12-05 13:20:28 -0500},
	Journal = {Journal of Climate},
	Number = {6},
	Pages = {1169--1187},
	Publisher = {American Meteorological Society},
	Title = {Physical Mechanisms for the Association of {El Ni\~no} and {West} {African} Rainfall with {Atlantic} Major Hurricane Activity},
	Volume = {9},
	Year = {1996}}

@article{goldenberg2001recent,
	Author = {Goldenberg, S.B. and Landsea, C.W. and Mestas-Nu{\~n}ez, A.M. and Gray, W.M.},
	Date-Added = {2012-07-06 16:11:09 -0400},
	Date-Modified = {2012-12-05 16:51:01 -0500},
	Journal = {Science},
	Number = {5529},
	Pages = {474--479},
	Publisher = {American Association for the Advancement of Science},
	Title = {The Recent Increase in {Atlantic} Hurricane Activity: Causes and Implications},
	Volume = {293},
	Year = {2001}}

@book{rosenzweig2008climate,
	Author = {Rosenzweig, C. and Hillel, D.},
	Date-Added = {2012-07-06 15:52:12 -0400},
	Date-Modified = {2012-11-22 12:53:14 -0500},
	Publisher = {Oxford University Press, USA},
	Title = {Climate Variability and the Global Harvest: Impacts of {El Ni\~no} and Other Oscillations on Agro-ecosystems},
	Year = {2008}}

@article{denes1994conflict,
	Author = {Denes-Raj, V. and Epstein, S.},
	Date-Added = {2012-07-05 17:29:21 -0400},
	Date-Modified = {2012-11-21 18:39:40 -0500},
	Journal = {Journal of Personality and Social Psychology},
	Number = {5},
	Pages = {819},
	Publisher = {American Psychological Association},
	Title = {Conflict Between Intuitive and Rational Processing: When People Behave Against Their Better Judgment.},
	Volume = {66},
	Year = {1994}}

@book{kunreuther1978disaster,
	Author = {Kunreuther, H. and Ginsberg, R. and Miller, L. and Sagi, P. and Slovic, P. and Borkan, B. and Katz, N.},
	Date-Added = {2012-07-05 17:22:20 -0400},
	Date-Modified = {2012-11-22 12:17:27 -0500},
	Publisher = {Wiley New York},
	Title = {Disaster Insurance Protection: Public Policy Lessons},
	Year = {1978}}

@article{browne2000demand,
	Author = {Browne, M.J. and Hoyt, R.E.},
	Date-Added = {2012-07-05 17:21:55 -0400},
	Date-Modified = {2012-12-05 16:28:22 -0500},
	Journal = {Journal of Risk and Uncertainty},
	Number = {3},
	Pages = {291--306},
	Publisher = {Springer},
	Title = {The Demand for Flood Insurance: Empirical Evidence},
	Volume = {20},
	Year = {2000}}

@article{johnson1983affect,
	Author = {Johnson, E.J. and Tversky, A.},
	Date-Added = {2012-07-05 17:21:01 -0400},
	Date-Modified = {2012-10-30 14:36:54 -0400},
	Journal = {Journal of Personality and Social Psychology},
	Number = {1},
	Pages = {20},
	Publisher = {American Psychological Association},
	Title = {Affect, Generalization, and the Perception of Risk.},
	Volume = {45},
	Year = {1983}}

@article{kunreuther1978economics,
	Author = {Kunreuther, H. and Slovic, P.},
	Date-Added = {2012-07-05 17:07:35 -0400},
	Date-Modified = {2012-11-22 12:09:12 -0500},
	Journal = {The American Economic Review},
	Number = {2},
	Pages = {64--69},
	Publisher = {JSTOR},
	Title = {Economics, Psychology, and Protective Behavior},
	Volume = {68},
	Year = {1978}}

@article{tubi2012siberian,
	Author = {Tubi, A. and Dayan, U.},
	Date-Added = {2012-07-05 15:07:49 -0400},
	Date-Modified = {2012-12-05 16:54:51 -0500},
	Journal = {International Journal of Climatology},
	Publisher = {Wiley Online Library},
	Title = {The {Siberian High}: Teleconnections, Extremes and Association with the {Icelandic Low}},
	Year = {2012}}

@article{cohen2010winter,
	Author = {Cohen, J. and Foster, J. and Barlow, M. and Saito, K. and Jones, J.},
	Date-Added = {2012-07-05 14:53:27 -0400},
	Date-Modified = {2012-12-05 17:02:32 -0500},
	Journal = {Geophysical Research Letters},
	Pages = {L17707},
	Title = {Winter 2009--2010: A Case Study of an Extreme {Arctic Oscillation} Event},
	Volume = {37},
	Year = {2010}}

@article{hurrell2003overview,
	Author = {Hurrell, J.W. and Kushnir, Y. and Ottersen, G. and Visbeck, M.},
	Date-Added = {2012-07-05 14:21:16 -0400},
	Date-Modified = {2012-11-21 18:20:49 -0500},
	Journal = {Geophysical Monograph Series},
	Pages = {1--36},
	Publisher = {American Geophysical Union},
	Title = {An Overview of the {North Atlantic Oscillation}},
	Volume = {134},
	Year = {2003}}

@article{hurrell1995decadal,
	Author = {Hurrell, J.W.},
	Date-Added = {2012-07-05 14:18:37 -0400},
	Date-Modified = {2012-11-22 12:58:39 -0500},
	Journal = {Science},
	Number = {5224},
	Pages = {676--679},
	Publisher = {American Association for the Advancement of Science},
	Title = {Decadal Trends in the {North Atlantic Oscillation}: Regional Temperatures and Precipitation},
	Volume = {269},
	Year = {1995}}

@techreport{kunreuther2007climate,
	Author = {Kunreuther, H.C. and Michel-Kerjan, E.O.},
	Date-Added = {2012-07-04 12:57:15 -0400},
	Date-Modified = {2012-11-21 18:33:18 -0500},
	Institution = {National Bureau of Economic Research},
	Title = {Climate Change, Insurability of Large-scale Disasters and the Emerging Liability Challenge},
	Year = {2007}}

@book{bridgman2006global,
	Author = {Bridgman, H.A. and Oliver, J.E.},
	Date-Added = {2012-07-04 12:57:15 -0400},
	Date-Modified = {2012-12-05 16:30:36 -0500},
	Publisher = {Cambridge University Press},
	Title = {The Global Climate System: Patterns, Processes, and Teleconnections},
	Year = {2006}}

@book{davis2002late,
	Author = {Davis, M.},
	Date-Added = {2012-07-04 12:57:15 -0400},
	Date-Modified = {2012-12-04 23:54:52 -0500},
	Publisher = {Taylor \& Francis},
	Title = {Late Victorian Holocausts: {El Ni\~no}/{La Ni\~na} Famines and the Making of the Third World},
	Year = {2002}}

@book{froot1999financing,
	Author = {Froot, K.},
	Date-Added = {2012-07-04 12:57:15 -0400},
	Date-Modified = {2012-12-05 16:29:40 -0500},
	Publisher = {University of Chicago Press},
	Title = {The Financing of Catastrophe Risk},
	Year = {1999}}

@article{baldwin2001quasi,
	Author = {Baldwin, MP and Gray, LJ and Dunkerton, TJ and Hamilton, K. and Haynes, PH and Randel, WJ and Holton, JR and Alexander, MJ and Hirota, I. and Horinouchi, T. and others},
	Date-Added = {2012-07-04 12:57:15 -0400},
	Date-Modified = {2012-12-05 22:11:48 -0500},
	Journal = {Review of Geophysics},
	Number = {2},
	Pages = {179--230},
	Publisher = {American Geophysical Union},
	Title = {The {Quasi-Biennial Oscillation}},
	Volume = {39},
	Year = {2001}}

@techreport{bjornsson1997manual,
	Author = {Bjornsson, H. and Venegas, SA},
	Date-Added = {2012-07-04 12:57:15 -0400},
	Date-Modified = {2013-06-02 13:04:57 -0400},
	Institution = {McGill University},
	Journal = {CCGCR Report},
	Number = {1},
	Title = {A Manual for {EOF} and {SVD} Analyses of Climatic Data},
	Volume = {97},
	Year = {1997}}

@article{bond2003influence,
	Author = {Bond, N.A. and Vecchi, G.A.},
	Date-Added = {2012-07-04 12:57:15 -0400},
	Date-Modified = {2012-12-05 22:11:11 -0500},
	Journal = {Weather and Forecasting},
	Number = {4},
	Pages = {600--613},
	Title = {The Influence of the {Madden-Julian Oscillation} on Precipitation in {Oregon} and {Washington}},
	Volume = {18},
	Year = {2003}}

@article{ferranti1990tropical,
	Author = {Ferranti, L. and Palmer, TN and Molteni, F. and Klinker, E.},
	Date-Added = {2012-07-04 12:57:15 -0400},
	Date-Modified = {2012-12-05 16:57:57 -0500},
	Journal = {Journal of the Atmospheric Sciences},
	Pages = {2177--2199},
	Title = {Tropical-Extratropical Interaction Associated with the 30-60 Day Oscillation and Its Impact on Medium and Extended Range Prediction},
	Volume = {47},
	Year = {1990}}

@article{froot2001market,
	Author = {Froot, K.A.},
	Date-Added = {2012-07-04 12:57:15 -0400},
	Date-Modified = {2012-12-05 16:48:12 -0500},
	Journal = {Journal of Financial Economics},
	Number = {2},
	Pages = {529--571},
	Publisher = {Elsevier},
	Title = {The Market for Catastrophe Risk: A Clinical Examination},
	Volume = {60},
	Year = {2001}}

@article{hall2001modulation,
	Author = {Hall, J.D. and Matthews, A.J. and Karoly, D.J.},
	Date-Added = {2012-07-04 12:57:15 -0400},
	Date-Modified = {2012-12-05 16:49:44 -0500},
	Journal = {Monthly Weather Review},
	Number = {12},
	Pages = {2970--2982},
	Title = {The Modulation of Tropical Cyclone Activity in the {Australian} Region by the {Madden-Julian Oscillation}},
	Volume = {129},
	Year = {2001}}

@article{hendon1990intraseasonal,
	Author = {Hendon, H.H. and Liebmann, B.},
	Date-Added = {2012-07-04 12:57:15 -0400},
	Date-Modified = {2012-12-05 16:47:44 -0500},
	Journal = {Journal of Atmospheric Sciences},
	Pages = {2909--2924},
	Title = {The Intraseasonal (30-50 Day) Oscillation of the {Australian} Summer Monsoon.},
	Volume = {47},
	Year = {1990}}

@article{holton1980influence,
	Author = {Holton, J.R. and Tan, H.C.},
	Date-Added = {2012-07-04 12:57:15 -0400},
	Date-Modified = {2012-12-05 16:45:36 -0500},
	Journal = {Journal of the Atmospheric Sciences},
	Number = {10},
	Pages = {2200--2208},
	Title = {The Influence of the Equatorial {Quasi-Biennial Oscillation} on the Global Circulation at 50 mb},
	Volume = {37},
	Year = {1980}}

@article{jones2000influence,
	Author = {Jones, C. and Schemm, J.K.E.},
	Date-Added = {2012-07-04 12:57:15 -0400},
	Date-Modified = {2012-12-05 16:43:45 -0500},
	Journal = {Monthly Weather Review},
	Number = {2},
	Pages = {486--494},
	Title = {The Influence of Intraseasonal Variations on Medium-To Extended-Range Weather Forecasts Over {South America}},
	Volume = {128},
	Year = {2000}}

@article{kumar2006unraveling,
	Author = {Kumar, K.K. and Rajagopalan, B. and Hoerling, M. and Bates, G. and Cane, M.},
	Date-Added = {2012-07-04 12:57:15 -0400},
	Date-Modified = {2012-12-05 16:59:01 -0500},
	Journal = {Science},
	Number = {5796},
	Pages = {115--119},
	Publisher = {American Association for the Advancement of Science},
	Title = {Unraveling the Mystery of {Indian} Monsoon Failure During {El Ni\~no}},
	Volume = {314},
	Year = {2006}}

@article{lau1986aspects,
	Author = {Lau, K.M. and Chan, PH},
	Date-Added = {2012-07-04 12:57:15 -0400},
	Date-Modified = {2012-10-30 14:54:12 -0400},
	Journal = {Monthly Weather Review},
	Number = {7},
	Pages = {1354--1367},
	Publisher = {American Meteorological Society},
	Title = {Aspects of the 40-50 days Oscillation During the Northern Summer as Inferred From Outgoing Longwave Radiation},
	Volume = {114},
	Year = {1986}}

@article{liebmann1994relationship,
	Author = {Liebmann, B. and Hendon, H.H. and Glick, J.D.},
	Date-Added = {2012-07-04 12:57:15 -0400},
	Date-Modified = {2012-12-05 16:52:51 -0500},
	Journal = {Journal of the Meteorological Society of Japan},
	Number = {3},
	Pages = {401--412},
	Title = {The Relationship Between Tropical Cyclones of the {Western} {Pacific} and {Indian} {Oceans} and the {Madden-Julian Oscillation}},
	Volume = {72},
	Year = {1994}}

@article{madden1971detection,
	Author = {Madden, R.A. and Julian, P.R.},
	Date-Added = {2012-07-04 12:57:15 -0400},
	Date-Modified = {2012-11-22 12:59:21 -0500},
	Journal = {J. Atmos. Sci},
	Number = {5},
	Pages = {702--708},
	Title = {Detection of a 40--50 Day Oscillation in the Zonal Wind in the Tropical {Pacific}},
	Volume = {28},
	Year = {1971}}

@article{madden1972description,
	Author = {Madden, R.A. and Julian, P.R.},
	Date-Added = {2012-07-04 12:57:15 -0400},
	Date-Modified = {2012-11-22 12:58:56 -0500},
	Journal = {J. atmos. Sci},
	Number = {6},
	Pages = {1109--1123},
	Title = {Description of Global-Scale Circulation Cells in the Tropics with a 40-50 Day Period},
	Volume = {29},
	Year = {1972}}

@article{mo1998tropical,
	Author = {Mo, K.C. and Higgins, RW},
	Date-Added = {2012-07-04 12:57:15 -0400},
	Date-Modified = {2012-12-05 16:56:41 -0500},
	Journal = {Journal of Climate},
	Number = {9},
	Pages = {2404--2423},
	Title = {Tropical Convection and Precipitation Regimes in the Western {United States}},
	Volume = {11},
	Year = {1998}}

@article{Nieto1996dynamical,
	Author = {Nieto Ferreira, R. and Schubert, W. H. and Hack, J. J.},
	Date-Added = {2012-07-04 12:57:15 -0400},
	Date-Modified = {2012-11-22 12:08:41 -0500},
	Journal = {J. Atmos. Sci},
	Pages = {929--945},
	Title = {Dynamical Aspects of Twin Tropical Cyclones Associated with the {Madden-Julian Oscillation}},
	Volume = {53},
	Year = {1996}}

@article{pennings1998information,
	Author = {Pennings, J.M.E.},
	Date-Added = {2012-07-04 12:57:15 -0400},
	Date-Modified = {2012-12-05 16:46:56 -0500},
	Journal = {Journal of Business Research},
	Number = {3},
	Pages = {141--145},
	Publisher = {Elsevier},
	Title = {The Information Dissemination Process of Futures Exchange Innovations: A Note},
	Volume = {43},
	Year = {1998}}

@techreport{pennings1999commodity,
	Author = {Pennings, J.M.E. and Leuthold, R.M.},
	Date-Added = {2012-07-04 12:57:15 -0400},
	Date-Modified = {2012-11-22 12:56:34 -0500},
	Institution = {University of Illinois, Champagne-Urbana},
	Pages = {61801},
	Title = {Commodity Futures Contract Viability: A Multidisciplinary Approach},
	Volume = {51},
	Year = {1999}}

@article{pennings2001behavioural,
	Author = {Pennings, J.M.E. and Leuthold, R.M.},
	Date-Added = {2012-07-04 12:57:15 -0400},
	Date-Modified = {2012-10-30 14:32:41 -0400},
	Journal = {{Australian} economic papers},
	Number = {4},
	Pages = {461--478},
	Publisher = {Wiley Online Library},
	Title = {A Behavioural Approach Towards Futures Contract Usage},
	Volume = {40},
	Year = {2001}}

@article{shapiro1989relationship,
	Author = {SHAPIRO, L.},
	Date-Added = {2012-07-04 12:57:15 -0400},
	Date-Modified = {2012-12-05 16:53:47 -0500},
	Journal = {Monthly Weather Review},
	Pages = {1545--1552},
	Title = {The Relationship of the {Quasi-Biennial Oscillation} to {Atlantic} Tropical Storm Activity},
	Volume = {117},
	Year = {1989}}

@article{shen1995biennial,
	Author = {Shen, S. and Lau, K.M.},
	Date-Added = {2012-07-04 12:57:15 -0400},
	Date-Modified = {2012-11-21 18:29:57 -0500},
	Journal = {Journal of the Meteorological Society of Japan},
	Number = {1},
	Pages = {105--124},
	Publisher = {Meteorological Society of Japan},
	Title = {{Biennial Oscillation} Associated with the East {Asian} Summer Monsoon and Tropical Sea Surface Temperatures},
	Volume = {73},
	Year = {1995}}

@article{tashjian1995advantages,
	Author = {Tashjian, E. and Weissman, M.},
	Date-Added = {2012-07-04 12:57:15 -0400},
	Date-Modified = {2012-10-30 14:36:06 -0400},
	Journal = {Journal of Financial Intermediation},
	Number = {2},
	Pages = {133--157},
	Publisher = {Elsevier},
	Title = {Advantages to Competing With Yourself: Why an Exchange Might Design Futures Contracts with Correlated Payoffs},
	Volume = {4},
	Year = {1995}}

@article{thompson2000annualrpt1,
	Author = {Thompson, D.W.J. and Wallace, J.M.},
	Date-Added = {2012-07-04 12:57:15 -0400},
	Date-Modified = {2012-11-22 12:51:30 -0500},
	Journal = {Journal of Climate},
	Number = {5},
	Pages = {1000--1016},
	Title = {{Annular Modes} in the Extratropical Circulation. Part I: Month-to-Month Variability},
	Volume = {13},
	Year = {2000}}

@article{thompson2000annularpt2,
	Author = {Thompson, D.W.J. and Wallace, J.M. and Hegerl, G.C.},
	Date-Added = {2012-07-04 12:57:15 -0400},
	Date-Modified = {2012-10-30 14:47:24 -0400},
	Journal = {Journal of Climate},
	Number = {5},
	Pages = {1018--1036},
	Title = {{Annular Modes} in the Extratropical Circulation. Part II: Trends},
	Volume = {13},
	Year = {2000}}

@article{wheeler2004all,
	Author = {Wheeler, M.C. and Hendon, H.H.},
	Date-Added = {2012-07-04 12:57:15 -0400},
	Date-Modified = {2012-10-30 14:37:53 -0400},
	Journal = {Monthly Weather Review},
	Number = {8},
	Pages = {1917--1932},
	Title = {An All-Season Real-Time Multivariate {MJO} Index: Development of an Index for Monitoring and Prediction},
	Volume = {132},
	Year = {2004}}

@book{flake2000computational,
	Author = {Flake, G.W.},
	Date-Added = {2012-01-06 17:49:45 -0500},
	Date-Modified = {2012-12-05 16:27:41 -0500},
	Publisher = {The MIT Press},
	Title = {The Computational Beauty of Nature: Computer Explorations of Fractals, Chaos, Complex Systems, and Adaptation},
	Year = {2000}}

@incollection{axelrod2006guide,
	Author = {Axelrod R. and Tesfatsion, L.},
	Booktitle = {Handbook of Computational Economics, Vol. 2: Agent-Based Computational Economics},
	Date-Added = {2011-11-16 10:36:25 -0500},
	Date-Modified = {2012-10-30 14:34:04 -0400},
	Editor = {Tesfatsion, L. and Judd, K.L.},
	Publisher = {North Holland},
	Title = {A Guide for Newcomers to Agent-Based Modeling in the Social Sciences},
	Volume = {2},
	Year = {2006}}

@techreport{manski2007adaptive,
	Author = {Manski, C.F.},
	Date-Added = {2011-11-15 13:32:13 -0500},
	Date-Modified = {2011-11-15 13:32:13 -0500},
	Institution = {National Bureau of Economic Research},
	Title = {Adaptive Minimax-Regret Treatment Choice, With Application To Drug Approval},
	Year = {2007}}

@book{albin1998barriers,
	Author = {Albin, P.S. and Foley, D.K.},
	Date-Added = {2011-11-10 16:00:52 -0500},
	Date-Modified = {2012-10-30 14:58:20 -0400},
	Publisher = {Princeton University Press},
	Title = {Barriers and Bounds to Rationality: Essays on Economic Complexity and Dynamics in Interactive Systems},
	Year = {1998}}

@book{batten2000discovering,
	Author = {Batten, D.F.},
	Date-Added = {2011-11-10 16:00:26 -0500},
	Date-Modified = {2012-11-22 11:31:21 -0500},
	Publisher = {Citeseer},
	Title = {Discovering Artificial Economics},
	Year = {2000}}

@book{clark1998being,
	Author = {Clark, A.},
	Date-Added = {2011-11-10 15:59:32 -0500},
	Date-Modified = {2012-11-21 18:29:15 -0500},
	Publisher = {The MIT Press},
	Title = {Being There: Putting Brain, Body, and World Together Again},
	Year = {1998}}

@proceedings{mathieu2010generic,
	Author = {Mathieu, P. and Brandouy, O.},
	Date-Added = {2011-11-10 15:51:40 -0500},
	Date-Modified = {2012-11-21 18:12:37 -0500},
	Journal = {Advances in Practical Applications of Agents and Multiagent Systems},
	Pages = {185--197},
	Publisher = {Springer},
	Title = {A Generic Architecture For Realistic Simulations of Complex Financial Dynamics},
	Year = {2010}}

@article{mathieu2005artificial,
	Author = {Mathieu, P. and Beaufils, B. and Brandouy, O. and others},
	Date-Added = {2011-11-10 15:51:27 -0500},
	Date-Modified = {2012-11-21 18:24:18 -0500},
	Title = {Artificial Economics: Agent-Based Methods in Finance, Game Theory and Their Applications, Lecture Notes in Economic and Mathematical Systems},
	Year = {2005}}

@book{rebonato2010coherent,
	Author = {Rebonato, R.},
	Date-Added = {2011-11-10 15:40:18 -0500},
	Date-Modified = {2011-11-10 15:40:18 -0500},
	Publisher = {Wiley},
	Title = {Coherent Stress Testing: A {Bayesian} Approach to the Analysis of Financial Risk},
	Year = {2010}}

@book{castelfranchi2010trust,
	Author = {Castelfranchi, C. and Falcone, R.},
	Date-Added = {2011-11-10 15:39:50 -0500},
	Date-Modified = {2012-12-05 16:58:27 -0500},
	Publisher = {Wiley},
	Title = {Trust Theory: A Socio-Cognitive and Computational Model},
	Volume = {20},
	Year = {2010}}

@article{boutilier2006constraint,
	Author = {Boutilier, C. and Patrascu, R. and Poupart, P. and Schuurmans, D.},
	Date-Added = {2011-11-09 16:44:00 -0500},
	Date-Modified = {2012-11-22 12:57:53 -0500},
	Journal = {Artificial Intelligence},
	Number = {8-9},
	Pages = {686--713},
	Publisher = {Elsevier},
	Title = {Constraint-Based Optimization and Utility Elicitation Using the Minimax Decision Criterion},
	Volume = {170},
	Year = {2006}}

@book{miller2007complex,
	Author = {Miller, J.H. and Page, S.E.},
	Date-Added = {2011-11-08 14:49:10 -0500},
	Date-Modified = {2012-11-21 18:37:01 -0500},
	Publisher = {Princeton Univ Press},
	Title = {Complex Adaptive Systems: An Introduction to Computational Models of Social Life},
	Year = {2007}}

@book{mandelbrot2008mis,
	Author = {Mandelbrot, B. and Hudson, R.L.},
	Date-Added = {2011-11-08 14:37:31 -0500},
	Date-Modified = {2012-12-05 16:49:05 -0500},
	Publisher = {Basic Books},
	Title = {The (Mis) Behavior of Markets: A Fractal View of Financial Turbulence},
	Year = {2008}}

@article{mandelbrot1967variation,
	Author = {Mandelbrot, B.},
	Date-Added = {2011-11-07 21:59:28 -0500},
	Date-Modified = {2012-12-05 16:55:52 -0500},
	Journal = {Journal of Business},
	Pages = {393--413},
	Publisher = {JSTOR},
	Title = {The Variation of Some Other Speculative Prices},
	Year = {1967}}

@book{sornette2004stock,
	Author = {Sornette, D.},
	Date-Added = {2011-11-07 21:49:08 -0500},
	Date-Modified = {2012-12-05 17:01:49 -0500},
	Publisher = {Princeton University Press},
	Title = {Why Stock Markets Crash: Critical Events in Complex Financial Systems},
	Year = {2004}}

@book{rogers1995diffusion,
	Author = {Rogers, E.M.},
	Date-Added = {2011-11-07 10:58:48 -0500},
	Date-Modified = {2012-11-22 12:17:03 -0500},
	Publisher = {New York: Free Press},
	Title = {Diffusion of Innovation},
	Volume = {4},
	Year = {1995}}

@book{gleick1997chaos,
	Author = {Gleick, J.},
	Date-Added = {2011-11-03 12:43:30 -0400},
	Date-Modified = {2012-11-21 18:31:24 -0500},
	Publisher = {Vintage/Ebury (a Division of Random House Group)},
	Title = {Chaos: Making a New Science},
	Year = {1997}}

@article{lo2010warning,
	Author = {Lo, A.W. and Mueller, M.T.},
	Date-Added = {2011-11-03 11:03:36 -0400},
	Date-Modified = {2012-12-05 17:00:32 -0500},
	Journal = {Journal of Investment Management},
	Pages = {13--63},
	Title = {WARNING: Physics Envy May Be Hazardous to Your Wealth!},
	Volume = {8},
	Year = {2010}}

@article{hayek1945use,
	Author = {Hayek, F.A.},
	Date-Added = {2011-11-03 10:55:53 -0400},
	Date-Modified = {2012-12-05 16:55:20 -0500},
	Journal = {The American Economic Review},
	Number = {4},
	Pages = {519--530},
	Publisher = {JSTOR},
	Title = {The Use of Knowledge in Society},
	Volume = {35},
	Year = {1945}}

@book{nisan2007algorithmic,
	Author = {Nisan, N.},
	Date-Modified = {2012-10-30 14:37:07 -0400},
	Isbn = {9780521872829},
	Lccn = {2007014231},
	Publisher = {Cambridge University Press},
	Title = {Algorithmic Game Theory},
	Url = {http://books.google.com/books?id=YCu2alSw0w8C},
	Year = {2007},
	Bdsk-Url-1 = {http://books.google.com/books?id=YCu2alSw0w8C}}

@inproceedings{boutilier2003cooperative,
	Author = {Boutilier, C. and Das, R. and Kephart, J.O. and Tesauro, G. and Walsh, W.E.},
	Booktitle = {Nineteenth Conference on Uncertainty in Artificial Intelligence},
	Date-Modified = {2012-11-21 18:41:43 -0500},
	Organization = {Citeseer},
	Pages = {89--97},
	Title = {Cooperative Negotiation in Autonomic Systems Using Incremental Utility Elicitation},
	Year = {2003}}

@book{thomas2001avoiding,
	Author = {Thomas, R.M. and Brubaker, D.L.},
	Date-Modified = {2012-10-30 14:56:59 -0400},
	Isbn = {9780897898225},
	Lccn = {2001037660},
	Publisher = {Bergin & Garvey},
	Title = {Avoiding Thesis and Dissertation Pitfalls: 61 Cases of Problems and Solutions},
	Url = {http://books.google.com/books?id=7TivtmPwlXkC},
	Year = {2001},
	Bdsk-Url-1 = {http://books.google.com/books?id=7TivtmPwlXkC}}

@article{econ2011press,
	Author = {{The Economist}},
	Date-Modified = {2012-11-21 18:30:42 -0500},
	Journal = {The Economist},
	Month = {{October 4}},
	Title = {Buttonwood's Notebook: Please Form an Orderly Queue},
	Url = {http://www.economist.com/blogs/buttonwood/2011/10/financial-innovation},
	Year = {2011},
	Bdsk-Url-1 = {http://www.economist.com/blogs/buttonwood/2011/10/financial-innovation}}

@comment{BibDesk Static Groups{
<?xml version="1.0" encoding="UTF-8"?>
<!DOCTYPE plist PUBLIC "-//Apple//DTD PLIST 1.0//EN" "http://www.apple.com/DTDs/PropertyList-1.0.dtd">
<plist version="1.0">
<array>
	<dict>
		<key>group name</key>
		<string>%7BENSO%7D</string>
		<key>keys</key>
		<string>rosenzweig2008climate,smith2004improved,smith2008improvements,reynolds2002improved,suplee1999nino,ropelewski1989precipitation,xue2003interdecadal,barnston1997documentation,glantz1991teleconnections,reynolds1993improved,ogallo1988relationships,pielke1999nina,reynolds1994improved,goldenberg1996physical,reynolds1995high,reynolds1993impact,goldenberg2001recent,rasmusson1982variations,waylen1990spatial,reynolds1988real,kumar2006unraveling,wilson1999statistical,smith2003extended</string>
	</dict>
	<dict>
		<key>group name</key>
		<string>%7BENSO%7D E Africa</string>
		<key>keys</key>
		<string>stige2006effect,ogallo1988relationships,nicholson2000influence</string>
	</dict>
	<dict>
		<key>group name</key>
		<string>%7BENSO%7D hurricane</string>
		<key>keys</key>
		<string>wilson1999statistical,rosenzweig2008climate,goldenberg1996physical,goldenberg2001recent</string>
	</dict>
	<dict>
		<key>group name</key>
		<string>%7BENSO%7D Monsoon</string>
		<key>keys</key>
		<string>kumar2006unraveling</string>
	</dict>
	<dict>
		<key>group name</key>
		<string>%7BENSO%7D South Americ Pacific</string>
		<key>keys</key>
		<string>khalil2007nino,waylen1990spatial,ropelewski1989precipitation</string>
	</dict>
	<dict>
		<key>group name</key>
		<string>%7BENSO%7D Southeast Asia Pacific</string>
		<key>keys</key>
		<string>chiew1998nino,ropelewski1989precipitation,murty20001997,simpson1993annual</string>
	</dict>
	<dict>
		<key>group name</key>
		<string>%7BENSO%7D Southern %7BAtlantic%7D</string>
		<key>keys</key>
		<string>janicot1996sahel,stige2006effect,hastenrath2006circulation,janicot2001summer,goldenberg1996physical,nicholson2000influence</string>
	</dict>
	<dict>
		<key>group name</key>
		<string>%7BMJO%7D</string>
		<key>keys</key>
		<string>paegle2000intraseasonal,jones2000influence,zhang2005madden,wheeler2004all,liebmann1994relationship,foltz200430,maloney2000modulation,kessler2000rectification,sui1992multiscale,hendon1990intraseasonal,lau1986aspects,mo1998tropical,lawrence2002boreal,bond2003influence,madden1972description,liebmann2004subseasonal,madden1971detection</string>
	</dict>
	<dict>
		<key>group name</key>
		<string>%7BQBO%7D</string>
		<key>keys</key>
		<string>holton1980influence,camargo2010revisiting,coughlin2001qbo,malone2009quasi,shen1995biennial,baldwin2001quasi</string>
	</dict>
	<dict>
		<key>group name</key>
		<string>ACE paper</string>
		<key>keys</key>
		<string>mathieu2010generic,mathieu2005artificial,miller2007complex</string>
	</dict>
	<dict>
		<key>group name</key>
		<string>Adaptive conjoint paper</string>
		<key>keys</key>
		<string></string>
	</dict>
	<dict>
		<key>group name</key>
		<string>AO</string>
		<key>keys</key>
		<string>hurrell1995decadal,thompson2000annualrpt1,hurrell2003overview,tubi2012siberian,stateofclimatefeb2010,shindell1999simulation,baldwin2003stratospheric,thompson1998arctic,mcafee2008northern,cohen2010winter,seager2010northern,takaya2005mechanisms,lorenz1951seasonal,thompson2000annularpt2,raible2004precipitation</string>
	</dict>
	<dict>
		<key>group name</key>
		<string>Fractal paper</string>
		<key>keys</key>
		<string>mandelbrot2008mis,mandelbrot1967variation,flake2000computational</string>
	</dict>
	<dict>
		<key>group name</key>
		<string>Minimax</string>
		<key>keys</key>
		<string>boutilier2006constraint,boutilier2005regret,hyafil2004regret,halpern2009iterated,braziunas2007minimax,manski2007adaptive,boutilier2003cooperative</string>
	</dict>
	<dict>
		<key>group name</key>
		<string>psycology of risk</string>
		<key>keys</key>
		<string>kunreuther1978economics,johnson1983affect,kunreuther1978disaster,browne2000demand,slovic1977preference,denes1994conflict</string>
	</dict>
	<dict>
		<key>group name</key>
		<string>Stats</string>
		<key>keys</key>
		<string>gelman2007data</string>
	</dict>
	<dict>
		<key>group name</key>
		<string>Success financial contracts</string>
		<key>keys</key>
		<string>mello2012margins,Rashid2010</string>
	</dict>
</array>
</plist>
}}
